2536 4046
212 256 354 304 XXXVIII
590 252 789 301 PRAEFATIO

167 423 196 488 ψ
217 416 402 488 discrepantes
430 413 537 486 aliquot
564 411 610 469 uel
630 412 749 486 plurium
777 412 910 468 librorum
931 412 1083 486 scripturas
1106 413 1166 486 (ψ)

214 501 414 557 adnotaremus.
443 498 490 554 ubi
512 498 544 554 ab
566 497 692 554 omuibus
714 497 793 553 libris
814 496 970 553 discedebat
990 515 1010 551 n
1034 515 1166 571 graecum

172 600 196 639 m
215 579 382 659 ponebatur,
405 584 551 656 utriusque
572 583 741 639 recensionis
761 597 926 638 consensum
941 582 1023 638 litero
1036 600 1061 638 ω
1078 584 1166 658 signi·

213 667 365 727 ticauimus.
394 668 423 724 ld
444 684 512 725 uero
527 668 621 724 hacto
638 667 848 724 remetiendum
865 673 921 730 est,
942 683 1165 741 nonnumquam

213 752 309 811 nond
329 769 396 810 uere
417 753 560 827 uolgarem
578 741 727 809 lectionem
746 768 821 814 esse,
844 751 892 809 sed
907 760 942 823 ψ.
979 751 1086 809 Etenim
1101 770 1165 810 cum

213 839 242 895 in
257 837 345 895 libros
365 837 493 911 uolgmas
516 836 641 911 singulae
656 839 808 910 scripturae
826 853 859 892 ex
873 836 988 893 meliore
1002 839 1164 895 recensione

213 923 363 980 translatae
379 931 485 984 essent,
501 921 528 977 id
544 921 618 996 quod
631 937 714 995 supra
730 920 992 984 demonstrauimus,
1008 922 1057 978 has
1071 924 1164 979 huan-

214 1009 270 1065 tius
291 1007 427 1063 interdum
442 1006 555 1080 recepit.
591 1003 759 1079 Quamquam
776 1007 798 1063 si
820 1009 981 1063 uniuersum
997 1015 1162 1080 spectamus,

212 1091 319 1149 dullum
339 1091 439 1147 librum
461 1090 508 1147 uel
528 1106 609 1147 mauu
631 1091 764 1164 scriptum
786 1091 831 1147 uel
852 1093 1005 1164 inpressum
1021 1091 1163 1148 fatendum

213 1183 257 1234 est
272 1182 327 1234 tam
338 1192 426 1250 prope
442 1174 474 1231 ad
488 1175 633 1248 genuinam
649 1177 819 1232 recensionis
834 1175 957 1249 uolgaris
972 1175 1165 1233 condicionem

214 1259 343 1318 accedere
359 1276 438 1334 quam
454 1257 587 1315 hldinam.

277 1397 305 1452 ln
337 1391 501 1454 Octauio,
534 1395 701 1452 recensenda
735 1402 847 1468 practer
879 1395 1164 1468 Rehdigerauos,

214 1480 411 1543 Gothanos,
441 1480 746 1537 vindobonensem
773 1480 806 1535 de
833 1479 935 1554 quibus
955 1497 1038 1554 supra
1059 1481 1164 1539 dicium

213 1573 272 1627 est,
289 1566 340 1620 hos
354 1565 423 1621 duos
439 1563 624 1620 adhibuimus:

180 1679 204 1739 0
286 1678 556 1755 Lugdunensis
579 1698 659 1739 xvrn
680 1680 720 1739 16
741 1680 770 1736 E
794 1682 883 1755 quode
907 1682 930 1737 J.
952 1681 1024 1738 Geel.
1047 1682 1166 1758 catalog.

217 1781 284 1823 mss.
307 1764 382 1838 lugd.
401 1766 457 1822 bat.
477 1766 528 1822 No.
550 1766 612 1824 370
638 1768 706 1822 haec
726 1766 810 1822 uerba
832 1766 909 1823 iacit:
939 1765 1043 1823 ‘codex
1063 1769 1166 1841 partim

212 1849 449 1921 membranaceus,
472 1852 572 1923 partim
588 1851 747 1908 chartaceus
761 1865 817 1909 xlv
832 1869 897 1912 sec,
913 1849 975 1909 236
990 1850 1118 1907 loliorum
1136 1852 1165 1907 in

212 1934 296 1998 lolio,
317 1933 409 1990 literis
430 1934 581 1991 initialibus
595 1935 692 2009 pictis,
713 1935 800 2009 prima
816 1938 914 2009 pagiua
936 1937 1008 1991 uersi
1024 1934 1166 1993 coloribus

212 2027 241 2077 ct
256 2019 392 2075 deauratis
408 2018 531 2076 flosculis
553 2027 658 2075 ornata.
687 2020 716 2076 L.
731 2021 833 2075 Annaei
850 2020 967 2077 Senecae
983 2020 1161 2093 Tragoediae.

212 2103 400 2177 Subscriptio:
423 2102 538 2177 Explicit
553 2105 639 2159 Annei
654 2104 680 2159 d.
698 2104 800 2161 Senece
816 2104 999 2179 tragediarum
1014 2103 1084 2160 liber
1099 2104 1163 2160 ieli-

212 2189 280 2245 citer
311 2189 431 2261 scriptus
460 2203 511 2261 per
536 2204 578 2243 me
599 2187 757 2244 michaelem
787 2187 819 2244 de
840 2188 960 2245 franchis
982 2188 1014 2245 dc
1042 2187 1162 2246 clauario

212 2274 376 2346 scriptorem
403 2280 486 2346 atquc
512 2271 631 2329 scribam
657 2271 809 2329 uenerabili
833 2275 894 2329 uiro
922 2275 1054 2346 magistro
1081 2273 1162 2330 Guill‘

213 2357 245 2413 de
267 2357 400 2413 monticlo
423 2365 488 2413 tunc
509 2359 611 2415 rectori
632 2357 767 2414 scolarum
787 2357 843 2414 loci
864 2358 1009 2432 requininii
1030 2359 1058 2414 in
1078 2358 1163 2432 pede·

211 2441 365 2505 montibus,
397 2441 447 2498 sub
469 2459 540 2499 anuo
562 2442 634 2499 mill⁰
651 2447 723 2501 000⁰
738 2460 779 2498 xu
799 2441 843 2498 die
862 2458 962 2503 xxvm
982 2445 1084 2498 mensis
1106 2444 1164 2499 du·

213 2528 296 2598 gusti.
325 2525 395 2582 Laus
411 2535 439 2582 et
455 2528 543 2600 gratia
558 2544 665 2583 summo
687 2534 715 2582 et
730 2526 863 2582 altissimo
879 2528 916 2582 sit
931 2528 1046 2583 creatori
1062 2537 1164 2584 nostro

213 2610 241 2664 in
261 2609 415 2665 seculorum
443 2610 544 2665 secula.
573 2626 659 2666 amen.
705 2610 871 2683 Tragoediae
891 2611 945 2667 hoc
966 2610 1060 2668 ordine
1081 2619 1162 2667 sunt:

212 2691 344 2750 Hercules
361 2691 469 2756 lunens,
485 2692 632 2767 Thyestes,
648 2693 828 2758 Phoenissae,
844 2695 1014 2770 hippolitus,
1030 2694 1162 2770 Oedipus,

213 2777 348 2840 Troades,
369 2779 571 2850 Agamemnon,
595 2776 721 2843 Octauia,
747 2779 878 2836 Hercules
900 2780 1025 2837 Oetaeus.
1071 2780 1164 2836 Codex

217 2868 359 2919 correctus
381 2869 424 2918 cst
445 2878 500 2917 sec.
515 2877 654 2921 xv-xv1
675 2861 816 2938 abaliquo
833 2866 880 2938 qui
899 2863 995 2920 iatine
1016 2864 1165 2938 adscripsit

212 2943 340 3003 ‘correxi
354 2946 416 3003 bina
432 2946 492 3003 uice
508 2964 572 3003 -a
588 2948 724 3021 principio
739 2965 828 3021 usque
844 2949 876 3005 ad
890 2948 999 3005 tinem'.
1029 2947 1084 3004 blac
1099 2965 1164 3005 cor·

211 3033 349 3088 rectiones
361 3038 467 3088 tautum
479 3038 545 3088 suut
559 3030 693 3089 lectiones
709 3049 741 3089 ex
756 3029 810 3090 alio
823 3033 916 3090 codice
929 3033 1083 3108 decerptae.
1106 3032 1162 3089 hd-

212 3116 282 3171 iccta
303 3122 369 3171 suut
383 3114 427 3173 hic
448 3115 504 3173 illic
519 3116 623 3174 scholia
640 3117 713 3173 iuter
727 3120 826 3174 uersu's
842 3126 869 3174 ct
883 3117 1068 3191 marginibus,
1091 3134 1163 3191 quae

211 3208 266 3255 tam
288 3199 322 3255 ad
343 3215 387 3256 res
407 3200 607 3279 mythologicas
627 3203 767 3276 pertinent
783 3219 863 3276 quam
885 3202 917 3259 ad
933 3199 1078 3259 metrum'.
1117 3202 1161 3257 ‘lu

210 3284 298 3357 prima
318 3285 417 3359 pagius
441 3286 512 3359 picto
534 3295 599 3342 sunt
625 3303 699 3342 arma
721 3289 890 3360 possessoris
916 3286 1085 3358 abeodem,
1111 3286 1160 3359 qui

211 3367 316 3443 reliqua
337 3379 495 3427 omnmcuta
516 3370 626 3427 eddidit.
661 3369 717 3427 Sub
737 3371 780 3428 his
801 3373 884 3427 armis
905 3372 1043 3428 recentior
1063 3386 1161 3427 manus

211 3452 356 3527 adscripsit
382 3471 409 3513 n.
430 3460 490 3512 vn⁰
510 3470 587 3512 xxrx
613 3455 640 3512 G.
661 3456 766 3512 Natalis
792 3456 838 3513 uel
859 3455 958 3513 blitalis
984 3454 1033 3525 (en
1056 3454 1160 3511 Natalis

210 3535 345 3609 domest).
380 3539 409 3594 ln
424 3537 478 3596 fine
499 3548 563 3614 post
583 3540 812 3614 subscriptionem
833 3557 930 3597 manus
952 3540 1091 3597 recentior
1111 3539 1163 3596 ud·
