2544 4040
233 258 296 323 150
329 306 331 311 >
505 275 537 321 c.
561 272 695 320 turtur
718 273 875 320 urracae

232 421 262 474 al
276 416 301 473 si
317 415 382 491 quis
397 413 475 473 ultro
491 432 522 473 se
538 412 622 473 malis
638 413 725 472 offert
740 411 844 473 uolens

232 517 323 577 seque
339 499 401 576 ipse
416 504 552 576 torquet,
569 496 695 575 perdere
711 503 756 558 ost
771 497 877 575 dignus
893 497 968 557 bona

233 585 298 661 quis
313 585 407 643 nescit
421 584 473 643 uti.
504 583 603 661 potius
619 599 764 642 annorum
780 599 895 643 memor

231 674 361 728 mentem
376 666 495 727 relaxa:
519 666 657 728 noctibus
673 666 755 728 lestis
770 667 865 727 lacem
888 678 890 683 '

232 751 347 823 attolle,
373 770 459 812 curas
474 750 609 811 bacchus
626 759 769 812 exoneret
784 769 907 829 graues,

232 846 326 897 aetate
343 836 458 897 lruerc:
481 834 583 896 mobili
599 853 689 896 cursu
704 836 788 913 fugit.

104 942 106 945 ·
198 923 221 981 θ’
276 922 361 981 Nunc
377 920 461 982 facile
476 927 579 998 pectus
594 928 677 997 grata
694 938 773 980 nunc
788 921 889 981 iuueni
904 922 1018 980 Venus:

232 1006 342 1067 exultet
356 1007 479 1066 animus.
511 1024 565 1065 cur
581 1013 646 1065 toro
662 1005 753 1065 uiduo
768 1005 864 1065 iaces?

232 1093 346 1151 tristem
361 1092 511 1151 iuuentam
529 1089 626 1159 solue,
651 1107 731 1149 nuuc
746 1107 851 1151 cursus
867 1107 940 1166 rape

233 1174 350 1235 effunde
366 1174 497 1234 habenas
512 1176 639 1252 optimos
654 1176 733 1234 uitae
748 1173 811 1235 dies

232 1258 356 1319 ellluere
371 1258 508 1338 prohibe.
538 1260 657 1336 propria
673 1259 828 1335 descripsit
843 1258 916 1318 deus

232 1344 327 1404 ollicia
343 1351 373 1404 et
387 1362 493 1404 aeuum
510 1361 563 1421 per
579 1361 649 1404 suos
664 1344 747 1404 duxit
762 1343 880 1420 graius.

230 1427 339 1489 laetitia
353 1431 507 1498 iuuenem,
525 1429 607 1488 lrons
622 1428 708 1489 decet
722 1428 813 1488 tristis
827 1445 938 1489 senem.

190 1515 222 1573 e''
277 1512 352 1582 Quid
367 1522 396 1572 te
412 1512 555 1573 coherces
571 1520 600 1573 et
614 1530 702 1573 necas
716 1521 828 1573 rectam
844 1510 993 1573 indolem?

230 1615 315 1674 seges
331 1595 377 1656 illa
395 1615 535 1675 magnum
552 1597 637 1658 lenus
652 1596 800 1674 agricolae
816 1595 897 1656 dabit

232 1699 437 1759 quaecumque
454 1680 539 1742 laetis
554 1689 655 1742 tenera
671 1681 801 1745 luxuriat
815 1684 885 1741 satis

231 1765 380 1845 arborque
397 1765 475 1826 celso
491 1768 604 1828 uertice
619 1768 739 1826 euiucet
754 1784 859 1827 nemus

231 1869 319 1929 quam
335 1868 395 1910 uon
411 1849 537 1928 maligna
553 1851 647 1913 caedit
662 1859 712 1911 aut
727 1858 842 1911 resecat
857 1868 971 1917 manus.

230 1936 350 2013 ingenia
365 1934 469 1995 melius
485 1943 564 1996 recta
581 1953 612 1996 se
627 1938 657 2013 in
674 1934 776 1997 laudes
791 1934 892 1996 lerunt
953 1966 963 1999 i

232 2021 256 2080 si
271 2019 401 2080 nobilem
417 2022 546 2080 animum
562 2029 666 2098 uegeta
682 2019 802 2080 libertas
817 2019 877 2080 alit.

189 2113 203 2164 f
274 2102 473 2165 Truculentus
490 2113 519 2164 et
534 2104 670 2166 siluester
686 2123 720 2164 ac
735 2106 813 2164 uitae
828 2105 938 2164 inscius

232 2189 346 2249 tristem
362 2190 517 2250 inuentum
534 2192 649 2251 Venere
664 2190 780 2250 deserta
797 2188 880 2249 colis.

231 2273 289 2333 hoc
305 2291 370 2334 esse
384 2292 491 2335 munus
508 2274 604 2334 credIs
619 2274 761 2334 indictum
777 2274 864 2343 uiriS,

233 2365 265 2418 ut
281 2358 354 2418 dura
370 2357 498 2419 tolerent
513 2358 650 2419 cursibus
666 2359 809 2418 domitent
824 2376 915 2436 equos

232 2450 261 2503 et
276 2461 363 2503 saeua
380 2443 457 2503 bella
472 2444 566 2505 lllarte
581 2444 743 2521 sanguineo
759 2443 881 2520 gerant?

195 2554 214 2602 g
274 2528 404 2589 Excedat
418 2529 543 2606 agedum
561 2527 652 2589 rebus
667 2528 804 2589 humanis
819 2529 918 2587 Venus

231 2629 305 2689 quae
321 2612 488 2689 suppletae
503 2614 630 2674 restituit
645 2613 818 2673 exhaustum
835 2628 943 2688 genus:

231 2694 311 2756 orbis
326 2697 432 2756 iacebit
448 2697 580 2776 squalido
595 2699 692 2776 turpis
707 2698 780 2765 situ,

229 2798 357 2841 uacuum
374 2782 437 2841 sine
453 2782 521 2841 ullis
537 2781 679 2841 classibus
695 2781 782 2842 stabit
797 2799 879 2841 mare

229 2864 349 2942 alesque
366 2865 448 2927 caelo
464 2865 540 2927 derit
555 2874 584 2926 et
598 2866 679 2927 siluis
695 2866 757 2926 iera

229 2949 300 3010 solis
315 2959 344 3011 et
360 2956 412 3012 air
428 2952 550 3031 peruius
566 2953 662 3012 uentis
678 2952 743 3011 erit.

296 3221 346 3269 449
366 3222 425 3270 anti
436 3221 472 3271 Ε1
492 3228 521 3271 at
538 3224 562 3271 si
580 3221 616 3271 E³
628 3218 639 3288 ll
651 3224 701 3273 452
720 3222 859 3272 montibus
872 3221 896 3270 A
915 3221 1043 3271 noctibus
1055 3219 1120 3269 EMc

228 3288 278 3339 457
297 3285 376 3336 luxus
394 3289 419 3337 A
443 3289 561 3351 lususp
586 3305 682 3340 cursus
699 3289 725 3338 E
749 3285 813 3354 (epo.
833 3305 850 3338 u
869 3292 886 3339 3
904 3304 951 3338 m..·
970 3292 1015 3348 ‚ct
1032 3285 1118 3349 tusus)

228 3357 279 3406 460
298 3356 411 3406 ducitur
430 3356 507 3406 duxit
525 3358 573 3419 Eur
597 3353 609 3422 ll
632 3361 681 3408 462
700 3355 838 3407 coheredes
856 3356 881 3405 E
898 3352 910 3422 Η
929 3357 979 3406 466
999 3355 1105 3406 euincit
1121 3353 1144 3402 A

227 3425 341 3474 euincet
354 3424 379 3473 E
391 3421 402 3488 ΙΙ
414 3425 464 3474 469
484 3426 588 3475 euitae
601 3427 626 3475 A
646 3442 679 3476 ac
692 3426 769 3475 uitae
782 3425 808 3474 E
819 3421 831 3490 ll
842 3425 894 3475 470
907 3422 981 3474 coles
1000 3423 1026 3472 Ε
1037 3421 1049 3489 Η
1064 3423 1146 3474 474-

226 3493 278 3542 476
300 3501 360 3556 port
382 3510 407 3542 u.
427 3494 479 3542 484
496 3495 610 3557 relepaui
627 3501 732 3544 uectore
751 3493 818 3542 R.P.
841 3488 854 3558 ss
882 3493 932 3543 tta
955 3491 1081 3541 restituit
1098 3490 1123 3541 Ε
1138 3484 1147 3553 ΙΙ

228 3558 376 3610 humanum
396 3561 420 3609 A
443 3560 602 3610 exhaustum
622 3575 635 3611 ε
658 3559 669 3626 ΙΙ
