2544 4046
490 282 670 333 sumentes

128 426 339 496 nomenante,
355 424 445 488 dnbio
460 442 519 504 qno
535 423 653 503 pondus
667 421 753 484 daret
771 489 774 497 Ι

130 532 166 575 no
182 511 338 573 fluctuanti
352 508 463 571 similis.
491 508 608 570 elneno
624 506 771 576 aethere„

130 608 231 659 etrum
246 596 380 658 cucurrit
393 593 518 655 limitem
532 592 614 654 sidus
628 592 759 654 trahens.

86 693 116 751 θ’
176 681 278 743 libato
293 682 324 740 in
340 681 424 758 ignes
439 680 509 740 nina
524 684 636 738 mntoto
651 676 749 737 llnnot
771 742 773 745 ,

132 774 255 828 cruenta
271 765 395 826 boccho.
421 766 537 842 regium
552 762 642 841 copiti
657 761 748 823 decus

132 851 179 912 bis
194 860 300 931 terque
315 850 432 929 lapsum
449 857 502 910 est.
531 846 615 908 fleuit
629 847 662 907 in
675 844 794 925 templis
809 845 896 910 ebur.

131 953 257 997 monere
272 943 395 996 cunctos
409 940 559 1002 monstro,
575 931 627 993 sed
642 930 723 992 solus
738 929 794 992 sibi

131 1022 265 1081 inmotos
280 1023 387 1081 Atreus
402 1024 518 1079 constet
532 1024 622 1093 etque
637 1015 715 1077 nltrn
731 1015 803 1077 deos

132 1112 229 1165 terret
243 1105 401 1165 minantes.
427 1104 546 1183 iamque
561 1102 682 1162 dimisso
700 1118 781 1162 mom

132 1188 246 1250 adsistit
261 1189 320 1249 orit
334 1197 454 1249 toruum
469 1194 500 1247 et
514 1184 666 1265 obliquum
680 1186 809 1247 intuens.

100 1292 116 1341 f
177 1273 279 1334 leiuna
294 1271 377 1334 siluis
393 1269 515 1351 qualis
530 1272 561 1331 in
575 1270 738 1349 gangensis

130 1359 213 1418 inter
228 1359 371 1419 iuuencos
385 1358 469 1436 tigris
484 1355 696 1423 esronitdnos,

133 1443 290 1522 utriusque
304 1441 432 1522 praedae
448 1441 554 1518 cupide
570 1439 640 1518 (quo
654 1442 785 1519 primum
800 1441 877 1503 leret

131 1528 246 1587 incente
261 1542 380 1587 morsus
394 1525 488 1586 ilentit
501 1524 561 1585 hnc
576 1527 668 1585 rictus
683 1543 754 1587 snos

41 1622 47 1626 “
131 1610 183 1672 illo
199 1610 326 1672 reflectit
341 1618 370 1671 et
384 1610 492 1671 lemem
509 1608 629 1670 dubiam
644 1612 745 1690 tenet),

89 1705 117 1762 f'
176 1696 236 1756 Sic
251 1694 335 1756 dirus
349 1697 457 1756 Atreus
472 1695 567 1773 capita
584 1693 690 1756 denota
706 1697 804 1775 inpiae

131 1778 303 1857 speculatur
318 1781 391 1840 ires.
418 1796 507 1858 quem
522 1780 605 1856 prius
620 1788 728 1841 mactet
743 1780 806 1850 sibi,

131 1864 262 1934 dubitat,
281 1863 412 1925 secunde
428 1862 535 1924 deinde
549 1882 638 1944 quem
654 1864 744 1925 coede
758 1863 889 1928 inmolet.

130 1966 189 2011 nee
205 1951 337 2019 interest,
353 1948 405 2010 sed
422 1948 538 2010 dubitet
554 1958 584 2009 et
598 1966 721 2010 saennm
738 1948 835 2011 scelus

129 2035 216 2096 iuuat
231 2033 379 2094 ordinare.

130 2131 238 2181 cnon.
393 2136 481 2197 quem
497 2124 596 2178 temen
611 2116 693 2179 ferro
708 2120 852 2197 occupati

93 2226 113 2276 g
176 2216 282 2262 nvnc.
306 2201 424 2263 Polmns
438 2201 522 2262 locus
539 2202 587 2280 (ne
602 2202 705 2264 deesse
720 2205 860 2284 pietatem
874 2204 971 2284 putes)

132 2305 190 2348 nuo
206 2287 336 2357 dicatur,
353 2285 494 2347 Tantalus
509 2289 603 2364 prime
620 2287 714 2348 hostia
731 2295 784 2349 est.

130 2382 236 2433 cnon.
261 2388 320 2450 quo
335 2372 451 2432 iuuenis
466 2371 577 2441 animo,
594 2389 653 2451 qno
667 2371 734 2432 tnlit
748 2371 832 2433 uultu
846 2374 971 2435 necemi

93 2463 111 2513 h
175 2468 279 2516 an'r.
303 2457 388 2516 Stetit
402 2456 448 2517 sni
462 2473 587 2517 securus
603 2463 632 2518 et
646 2473 706 2516 non
722 2465 765 2518 est
779 2474 885 2536 preces
1066 2463 1117 2513 720

131 2542 232 2621 perire
248 2541 343 2602 inusto
359 2556 475 2618 pessus.
509 2547 555 2602 ast
569 2539 611 2601 illi
626 2542 709 2601 lenus

130 2628 160 2686 in
176 2626 301 2686 uulnere
318 2643 419 2687 ensem
435 2624 590 2686 abscondit
605 2633 635 2686 et
649 2626 766 2704 penitns
781 2644 920 2707 premens

130 2709 232 2788 ingnio
248 2727 370 2770 manum
387 2711 541 2772 commisit.
569 2710 676 2771 educto
691 2712 770 2773 stetit
838 2737 842 2744 ¹

129 2795 212 2855 lenm
228 2794 356 2856 cadauer
373 2812 500 2873 cumque
515 2794 678 2856 dubitasset
693 2796 743 2857 diu

129 2879 187 2940 heo
202 2886 286 2959 perte
301 2897 338 2940 en
353 2878 401 2940 illo
418 2880 545 2946 coderet,
561 2881 592 2939 in
608 2888 746 2957 patruum
761 2882 851 2943 cadit.
1064 2885 1114 2935 ⁷25

91 2962 119 3019 h'
176 2964 263 3024 Tune
278 2963 327 3024 ille
344 2963 380 3024 ad
396 2980 463 3024 ores
478 2963 782 3028 Plisthenemseeuus
796 2965 888 3027 trehit

128 3049 276 3128 adicitque
294 3048 388 3117 fratri,
406 3046 480 3109 colle
496 3065 637 3128 pereussa
653 3059 797 3130 amputat,

130 3167 334 3178 -----.

196 3232 333 3284 illidens
353 3250 372 3284 oe
395 3232 460 3283 deos
478 3241 522 3297 ψε
543 3229 557 3301 ss
580 3236 629 3287 706
648 3236 760 3286 assiluit
777 3237 803 3286 A
827 3234 939 3286 adsistit
956 3236 1006 3303 Εψ
1022 3234 1034 3303 ΙΙ

127 3302 177 3351 709
195 3301 297 3366 primos
317 3317 336 3351 oc
357 3301 474 3366 primum
491 3301 541 3367 Εψ
564 3298 576 3368 ΙΙ
599 3305 648 3354 710
666 3303 718 3354 hoc
736 3303 762 3353 E
779 3304 833 3354 huc
845 3304 871 3354 A
895 3301 906 3369 ΙΙ
930 3305 978 3355 712
996 3305 1046 3354 du-

125 3383 173 3419 rus
199 3368 250 3419 Eli
283 3368 359 3419 dirus
377 3369 403 3418 A
440 3365 452 3434 ΙΙ
487 3371 536 3420 713
560 3370 720 3434 speculator
737 3371 787 3422 ER
809 3371 846 3435 (in
867 3372 891 3421 R
912 3387 1045 3435 suprascr.

126 3436 163 3486 nl'
176 3436 233 3497 tur)
252 3435 415 3501 speculetur
432 3437 458 3486 A
480 3431 493 3502 Ι]
517 3441 622 3488 mactet
639 3440 735 3505 stygi
752 3441 785 3490 ei.
799 3441 876 3489 NHs.
899 3433 911 3503 ll
935 3441 985 3489 714
1002 3454 1045 3489 se-

125 3502 245 3553 cundam
263 3504 289 3553 E
311 3504 435 3554 secundo
453 3505 479 3554 A
503 3499 515 3570 ΙΙ
539 3506 589 3557 715
606 3509 714 3556 tentum
734 3507 780 3570 (nl'
794 3508 880 3557 scenio
893 3521 947 3560 ree.
959 3523 990 3560 m.
1003 3506 1039 3570 n)

123 3572 217 3622 scelus
235 3573 262 3622 A
289 3587 404 3622 saeuum
422 3586 462 3622 so.
481 3572 508 3621 E
536 3568 548 3638 Η
