2536 4046
383 237 566 319 annovcns
591 258 757 341 [evenus]

307 410 413 472 Pastor
428 409 525 488 gelida
540 429 612 471 cana
628 413 734 489 pruina

265 513 357 574 grege
373 495 494 556 dimisso
509 495 617 574 pabula
634 500 739 576 carpit.

263 578 339 639 ludit
353 587 438 657 prato
453 578 530 640 liber
545 588 647 658 aperto

263 665 396 725 nondum
412 669 499 741 rupta
516 664 615 725 lronte
629 667 785 728 iuuencos.

263 767 375 809 uacuae
390 756 532 827 reparant
546 749 639 811 ubera
654 759 774 813 matres.
863 736 875 761 ⁰

264 840 346 894 errat
362 850 452 893 cursu
468 831 543 894 leuis
558 836 672 895 incerto
743 840 747 847 '

264 916 346 978 molli
363 916 499 995 petulans
514 917 627 978 haedus
641 921 674 979 in
689 919 782 980 herba

305 1069 419 1131 Pendet
433 1088 549 1131 summo
566 1070 691 1131 stridula
705 1088 791 1132 ramo

261 1240 432 1318 pennasque
448 1256 528 1299 nouo
543 1240 661 1301 tradere
677 1239 733 1301 soli

263 1325 351 1400 gestit
366 1321 505 1402 querulos
518 1325 597 1384 inter
613 1324 697 1385 nidos

262 1407 375 1468 thracia
391 1406 498 1486 paelex

262 1492 410 1570 turbaque
425 1494 506 1553 circa
522 1492 645 1553 conlusa
661 1500 747 1554 sonat

262 1594 416 1639 murmure
432 1578 524 1636 mixto
541 1583 646 1639 testata
663 1577 750 1638 diem.

266 1657 422 1744 [carbasa]

305 1813 405 1874 Credit
420 1812 526 1873 dubius
540 1815 640 1874 nauita
656 1812 765 1894 [uitae]
782 1816 878 1875 uentis

262 1896 345 1958 laxos
361 1914 434 1957 aura
450 1896 616 1975 complente
631 1899 723 1960 sinus.

262 1981 311 2043 hic
327 1982 423 2042 exesis
437 1982 572 2061 pendens
588 1982 718 2061 scopulis

263 2074 314 2127 aut
328 2067 470 2145 deceptos
484 2067 604 2127 instruit
619 2069 723 2129 hamos

263 2158 313 2211 aut
327 2168 490 2228 suspensus

264 2242 378 2314 spectat
392 2254 494 2315 pressa
510 2237 642 2314 praemia
658 2236 769 2298 dextra.

264 2321 352 2380 sentit
367 2319 526 2381 tremulum
542 2319 619 2381 linea
635 2322 758 2398 piscem„

301 2472 385 2534 ¹Haec
399 2474 546 2534 innocuae
562 2472 670 2552 quibus
686 2482 730 2533 est
745 2473 823 2532 uitae

262 2556 418 2634 tranquilla
435 2559 519 2638 quies

266 2649 294 2702 et
308 2640 384 2703 laeta
400 2659 455 2702 suo
470 2659 625 2722 paruoque
641 2641 755 2704 domus.

263 2725 383 2788 turbine
399 2744 506 2803 magno
521 2745 590 2805 spes
605 2729 730 2788 inmanis
748 2722 826 2811 [spes
841 2724 1001 2813 sollicitae]

262 2810 386 2871 urbibus
403 2819 504 2872 errant
520 2813 685 2891 trepidique
702 2820 805 2872 metus.

173 2972 236 3028 post
253 2981 276 3014 u.
297 2964 346 3012 146
363 2978 463 3013 uersam
481 2965 610 3014 excidisse
628 2965 726 3013 conteri
747 2961 758 3028 ΙΙ
789 2966 837 3014 150
856 2964 931 3014 circa
949 2965 974 3013 E
979 2964 1027 3015 Vc

109 3033 210 3081 tritali
236 3032 376 3081 circumA
400 3027 412 3098 l]
437 3033 485 3081 152
505 3033 553 3082 153
572 3031 698 3081 Carbasa
714 3034 807 3082 uentis
825 3031 929 3085 c.d.n.
948 3034 1026 3082 uitae

109 3114 130 3148 ω
147 3101 383 3163 interpretamentis
401 3101 440 3148 dis
464 3099 588 3148 Carbasa
607 3106 632 3149 et
657 3099 734 3148 uitae
753 3101 843 3149 cleletis
870 3100 962 3150 uentis
979 3117 1026 3151 suo

110 3168 163 3216 loco
181 3169 286 3217 restitui
313 3164 325 3232 Η
355 3167 405 3216 164
423 3182 531 3231 auroep
556 3164 567 3233 ll
592 3169 640 3217 159
657 3167 760 3215 lineam
777 3166 811 3216 Vl
830 3168 935 3233 spicem
952 3167 986 3216 V¹
1002 3165 1014 3234 l]

109 3224 156 3282 162
175 3235 237 3284 add.
252 3249 316 3299 spes
335 3236 391 3283 iam
403 3234 512 3298 magnis
525 3234 632 3298 EltEPp
650 3250 713 3299 spes
727 3236 782 3284 iam
795 3236 885 3301 magis
904 3238 946 3286 uel
962 3251 1027 3300 opes

108 3299 203 3350 iamin
221 3302 296 3366 agria
313 3303 339 3350 V
360 3304 416 3351 iam
433 3317 497 3366 spes
510 3303 599 3367 magis
615 3300 648 3351 T²
670 3318 734 3366 spes
753 3305 781 3352 in
800 3305 907 3369 magnis
922 3304 943 3353 G
961 3319 1025 3366 spes

107 3367 135 3417 in
153 3370 229 3434 agris
242 3371 266 3420 li
289 3371 420 3434 iamspes
434 3370 462 3419 ln
475 3370 550 3435 agris
563 3370 633 3434 Mop.
658 3385 721 3436 spes
734 3377 762 3421 et
775 3373 803 3420 in
821 3371 934 3436 agrisA
959 3385 1025 3434 spes

107 3435 256 3487 immanes
275 3436 384 3487 BScdm.
416 3453 480 3502 spes
503 3439 623 3488 inmanis
639 3440 733 3503 scripsi
755 3446 781 3488 et
799 3440 948 3502 transposui
964 3443 1024 3501 post

107 3519 129 3552 u.
147 3507 214 3554 163⁰
238 3500 250 3570 ΙΙ
274 3506 324 3555 163
342 3504 487 3555 CHORVS
506 3507 531 3554 A
558 3507 680 3556 Turbine
694 3522 793 3572 magno
807 3520 870 3571 spes
884 3503 1025 3555 sollicitae

106 3571 130 3619 A
149 3587 197 3621 om.
210 3572 272 3635 rap
290 3574 386 3638 aliquot
405 3574 469 3624 Poll.
489 3571 524 3623 El
544 3577 629 3625 adscr.
648 3578 674 3622 in
692 3590 738 3636 rap.
760 3572 805 3625 E2.
834 3575 900 3624 idem
917 3579 976 3624 ante
998 3591 1025 3626 u.

1232 3608 1241 3635 ὲ

1222 3636 1241 3671 κζ
