2544 4040
352 262 623 313 Pnonulssnnvm
638 263 770 312 FRAGM.

116 402 215 464 desset
229 404 372 481 paternis,
389 403 446 463 hoc
461 420 580 481 quoque
596 421 631 485 ex
646 401 704 464 illis
719 402 819 473 habes,

116 504 234 548 errasse
249 486 396 548 thalamis.
1088 511 1139 558 515

87 586 105 636 b
439 571 533 633 Gnate
548 579 615 650 post
630 570 738 632 multos
753 572 824 633 milri

118 656 245 717 remisse
261 655 349 726 soles,
366 663 453 734 gnate
468 672 631 732 suspensae
648 662 743 716 metus

118 746 148 800 et
162 757 231 819 spes
246 741 394 819 parentis,
412 740 495 801 cuius
510 740 680 819 adspectum
698 739 769 801 deos
1057 761 1106 810 155

117 841 238 903 semper
253 826 366 903 rogaui,
384 843 450 885 eum
467 833 534 886 tuus
548 824 661 885 reditus
677 824 748 885 milri

116 916 232 969 tautum
248 916 326 970 esset
341 915 498 987 erepturus
512 909 641 970 aduentu
656 916 707 970 tua

118 1001 264 1071 quantum
280 993 418 1054 daturus:
485 1047 488 1053 .
1067 1013 1140 1077 ‚520

89 1109 106 1143 e
450 1077 573 1148 Quando
589 1096 643 1156 pro
660 1090 689 1139 te
705 1079 846 1150 desinam,

118 1159 189 1232 diri,
208 1162 331 1222 timere?
363 1164 443 1225 dixit
457 1163 591 1224 irridens
606 1164 697 1224 deus:

115 1248 214 1323 e'psmn
229 1248 352 1307 timebis.
397 1264 504 1325 nempe
519 1248 577 1306 nisi
592 1245 702 1309 bellum
718 1247 795 1309 toret
1056 1264 1104 1314 160

117 1347 174 1408 ego
190 1337 218 1391 te
234 1348 378 1401 carerem,
395 1348 502 1411 nempe
517 1332 540 1393 si
556 1339 588 1392 tu
603 1349 663 1391 nun
679 1332 758 1392 lores

116 1412 197 1474 bello
213 1432 358 1476 carerem.
388 1416 473 1476 triste
490 1424 667 1494 conspectus
682 1416 768 1476 datur

115 1499 247 1577 pretium
261 1501 305 1560 tui
319 1498 496 1580 durumque,
512 1499 564 1560 sed
580 1500 668 1561 matri
682 1499 787 1578 placet.
827 1538 830 1541 -
1086 1518 1139 1565 525

115 1583 188 1643 hinc
203 1584 292 1643 mode
307 1583 448 1645 recedant
463 1602 554 1654 erma,
571 1584 642 1644 dum
658 1583 772 1645 nullum
788 1585 871 1647 nefas

115 1667 196 1728 lllars
210 1684 318 1729 saeuus
333 1668 430 1729 audet.
462 1668 518 1729 hoe
533 1686 652 1748 quoqne
667 1676 712 1730 est
726 1686 867 1748 maguum
882 1668 966 1732 nelas
1055 1684 1104 1734 165

118 1759 179 1812 tam
193 1767 311 1830 prope
326 1752 426 1814 luisse.

19 1850 24 1857 ·
79 1841 107 1902 α’
449 1837 560 1917 Stupen
577 1844 606 1898 et
621 1839 762 1916 exanguis
776 1846 881 1910 tremo,

116 1937 185 1980 cum
202 1927 281 1981 stare
297 1919 403 1982 iratres
418 1921 488 1983 hinc
503 1928 532 1982 et
548 1922 617 1982 hinc
633 1922 719 1983 uiden
736 1922 810 1983 duos

117 2002 240 2065 sceleris
256 2004 310 2065 suh
326 2007 395 2075 ictu,
412 2005 546 2067 membra
562 2016 739 2085 quassantur
755 2015 845 2069 metu.

114 2105 205 2166 quam
222 2107 318 2167 paene
334 2098 429 2152 mater
445 2092 540 2151 maius
556 2091 677 2169 adspexi
692 2091 784 2161 nefas,

114 2190 204 2251 quarn
220 2172 300 2252 quud
316 2175 407 2236 miser
422 2175 526 2237 uidere
541 2194 602 2237 nnn
618 2177 714 2254 potuit
729 2186 824 2255 peter.

116 2255 189 2316 licet
203 2257 308 2318 timere
324 2257 465 2320 facinoris
479 2261 551 2320 tanti
566 2278 669 2321 uacem

116 2339 296 2421 uideamque
310 2343 368 2404 iam
385 2343 426 2403 nil
440 2342 508 2415 tale,
524 2361 588 2405 sum
604 2343 706 2405 infelix
720 2353 818 2406 tamen

117 2424 200 2503 quud
214 2444 328 2504 paene
343 2426 414 2488 uidi.
844 2482 847 2487 4

72 2525 104 2579 <1⁰
435 2512 493 2573 Per
508 2511 610 2573 decem
626 2530 760 2574 mensum
776 2531 883 2592 graues

117 2596 196 2655 uteri
210 2592 329 2658 labores
343 2614 457 2675 perque
472 2598 611 2676 pietatem
628 2588 759 2659 inclitae

117 2696 228 2756 precer
243 2681 356 2742 suroris
371 2689 400 2743 et
414 2699 469 2759 per
484 2680 550 2742 irati
565 2681 622 2742 sibi

117 2780 209 2842 genas
225 2765 356 2848 parentis
371 2765 483 2827 scelere
500 2783 573 2844 quas
588 2763 670 2826 nullo
686 2783 797 2828 nocens

118 2848 231 2908 erroris
247 2865 263 2907 a
279 2865 310 2908 se
327 2848 399 2911 dura
415 2849 559 2929 supplicia
575 2852 696 2926 exigens

117 2931 232 2992 hausit:
247 2932 390 2995 nefandas
405 2934 562 2996 moenibus
577 2936 680 3014 patriis
695 2935 775 2997 laces

117 3020 231 3086 auerte,
247 3018 332 3093 sigua
347 3017 445 3081 bellici
460 3026 542 3079 retro
555 3020 679 3097 agminis
768 3092 771 3100 Δ

188 3269 251 3323 1531‘
265 3273 324 3323 154·
336 3274 402 3321 nate
410 3268 511 3321 -soles
523 3287 570 3323 om.
583 3271 609 3321 E
621 3267 660 3337 [in
671 3288 751 3338 mnrp.
765 3288 782 3323 a
793 3275 810 3322 2
822 3288 853 3325 m.
865 3273 913 3323 lene
923 3275 1035 3337 siparum:

116 3336 157 3406 ¹³
169 3334 280 3458 h¹¹1ci=⁵⁴
301 3335 833 3473 illidiumletitia-liiii
852 3336 1036 3458 ltili

115 3409 208 3540 igine
226 3479 253 3525 te
272 3423 348 3526 Eme
368 3442 520 3525 ahl'tiiste
537 3476 569 3526 ci.
583 3475 657 3526 Μὶν.
680 3469 693 3540 ΙΙ
722 3476 773 3525 174
790 3476 896 3539 pietate
914 3471 1035 3536 inclytas

116 3543 142 3593 Α
162 3543 298 3607 pietatem
316 3541 414 3613 inclite
431 3540 457 3591 E
485 3538 498 3609 ΙΙ
528 3544 576 3593 175
594 3558 702 3594 sorores
722 3544 747 3592 A
776 3542 879 3592 sororis
896 3540 922 3590 Ε
944 3537 957 3607 ss
