2536 4046
192 219 273 265 XIIII
357 274 367 283 -
569 220 769 267 PRAEFATIO

193 380 316 434 eraraoit
345 378 483 434 Octauiam
514 386 651 453 receptam
681 386 708 434 et
737 379 865 436 consulto
895 382 967 435 inter
987 384 1080 454 rigam.
1112 392 1142 439 et

191 463 268 518 Here.
285 479 310 518 11
331 463 522 536 interpositam
538 480 599 519 esse
616 463 664 519 tibi
680 465 870 536 persuaseris?
900 465 957 520 Hoc
978 468 1069 539 ipsum
1090 485 1140 524 au·

192 554 246 602 tem
262 547 453 620 reputantibus
469 547 527 603 lieri
551 548 595 603 uin
615 556 708 621 potest
723 549 787 621 quin
804 550 925 622 suspicio
948 550 1045 605 animis
1067 553 1140 608 oria·

191 639 236 687 tur
256 631 290 686 ab
312 632 406 688 eodem
428 633 538 688 bomine
561 641 590 688 et
611 633 749 688 llctauiam
771 635 943 706 conpositam
965 651 1026 690 esse
1046 644 1073 690 et
1094 653 1139 692 re·

190 717 344 772 censionem
363 719 386 771 Α
407 719 550 791 scriptam,
572 718 619 791 qui
640 718 704 772 dum
726 734 796 790 opus
817 734 896 773 suum
918 719 971 773 uiri
992 719 1138 775 clarissimi

190 802 353 857 auctoritate
369 802 439 857 tueri
457 802 564 863 studet,
587 804 659 858 inter
675 803 733 858 eius
749 819 831 875 opera
853 801 897 857 uel
914 819 983 875 quae
999 805 1059 859 eius
1075 821 1136 861 esse

190 886 314 943 crederet
331 902 410 942 suum
431 883 639 960 interposuisti.
674 886 748 955 Quae
763 895 851 942 tamen
867 888 960 960 opinio
977 889 1060 943 certis
1076 890 1137 962 qui·

188 970 299 1026 busdam
316 973 485 1044 argumentis
501 970 612 1044 probari
628 973 672 1026 uin
688 986 815 1044 umquam
832 973 944 1044 poterit.

253 1053 422 1128 Quicumque
454 1056 533 1110 lrmlie
566 1062 659 1111 entant
682 1054 800 1111 Senecae
832 1057 1034 1128 tragoediarum
1063 1056 1135 1121 libri,

191 1141 322 1214 quoniam
338 1156 387 1195 eos
403 1139 519 1195 diximus
536 1139 567 1195 ad
583 1139 698 1196 duomm
714 1139 887 1195 librariorum
909 1157 1019 1214 operam
1035 1142 1135 1205 redire,

189 1224 235 1298 qui
259 1225 370 1279 diuerso
387 1233 510 1297 tempore
532 1240 564 1279 ex
579 1224 648 1297 ipsis
664 1232 763 1297 poetae
779 1225 880 1280 chartis
902 1242 949 1281 sua
972 1226 1135 1298 exemplaria

98 1316 100 1319 '
189 1310 426 1382 transcripserint,
454 1311 506 1365 iam
529 1310 714 1383 quaerendum
735 1309 845 1364 uidetur
866 1326 941 1371 esse,
962 1312 1017 1365 utri
1039 1327 1135 1366 eorum

187 1394 274 1450 maior
293 1392 359 1449 tides
376 1393 513 1456 habenda,
536 1396 554 1448 i.
577 1412 601 1450 e.
623 1403 685 1450 utra
706 1395 830 1450 recensio
852 1395 880 1449 in
901 1394 1075 1449 emendandis
1090 1396 1135 1450 his

189 1478 336 1549 tragoediis
358 1494 422 1551 prae
448 1479 533 1534 altera
557 1478 695 1550 sequenda
716 1480 760 1532 sit.
804 1476 861 1545 Qua
884 1479 910 1533 in
928 1495 957 1535 re
979 1479 1135 1551 primariam

187 1579 249 1618 esse
269 1563 439 1617 recensionis
461 1563 491 1616 E
515 1561 574 1618 siue
601 1562 675 1634 quod
701 1562 770 1617 idem
797 1569 840 1618 est
866 1562 967 1619 codicis
994 1562 1136 1619 iloreutini

187 1647 377 1702 auctoritatem
393 1645 460 1702 satis
475 1654 559 1720 patet.
589 1645 654 1701 Nam
670 1647 787 1719 primum
803 1646 924 1720 uulgaris
940 1650 1065 1704 recensio
1081 1649 1134 1703 etsi

157 1748 160 1751 ’
186 1729 376 1804 antiquissimo
401 1738 523 1805 tempore
546 1730 686 1786 elaborata
706 1739 762 1792 est,
790 1740 878 1787 tamen
902 1733 948 1805 qui
973 1732 1053 1788 bodie
1074 1748 1133 1788 eam

186 1822 394 1889 repraesentant
408 1816 517 1871 codices
532 1823 607 1870 tanto
623 1816 755 1888 temporis
772 1814 917 1872 interuallo
933 1816 966 1871 ab
983 1817 1027 1873 illa
1043 1825 1134 1872 aetate

187 1899 301 1956 seiuncti
318 1896 448 1971 sunt**)‚
465 1908 564 1956 utnon
581 1901 704 1973 potuerit
719 1899 777 1956 fieri
794 1901 858 1974 quin
875 1918 888 1956 a
906 1901 1020 1974 pristina
1035 1899 1135 1973 uolga-

187 2033 390 2041 ——ffi

252 2095 277 2161 *i
299 2097 431 2147 Eiusdem
454 2103 485 2147 ut
502 2096 614 2148 uidetur
635 2099 736 2148 aetatis
752 2098 876 2149 homines
893 2115 946 2150 non
963 2100 1134 2149 uerebantur

184 2166 267 2215 Pauli
279 2166 399 2227 apostoli
413 2181 472 2214 curn
485 2165 593 2215 Seneca
606 2169 799 2216 commercium
812 2164 923 2231 fingere.

254 2231 298 2296 **)
316 2234 381 2291 Non*
393 2232 511 2296 contigit
522 2234 603 2282 nobis
617 2233 721 2284 codicis
738 2235 861 2299 uolgatis
880 2234 963 2284 ullius
981 2236 1129 2300 uestigium

183 2302 310 2352 inuenire
327 2302 489 2351 uetustioris
505 2301 619 2351 saeculo
637 2317 696 2354 nrv.
724 2303 793 2351 Nam
806 2306 918 2366 praeter
931 2318 978 2352 eos
992 2304 1037 2366 qui
1054 2304 1129 2352 inira

184 2369 319 2434 descripti
332 2385 348 2417 a
361 2369 440 2419 nobis
453 2373 481 2418 et
495 2362 738 2432 enumerantem,
757 2369 790 2419 de
804 2385 859 2419 non
871 2370 968 2434 paucis
982 2369 1044 2418 aliis
1058 2385 1126 2433 quos

184 2436 220 2486 ad
232 2452 338 2486 recens.
351 2442 426 2501 trag.
439 2435 570 2486 adbibere
583 2453 637 2486 non
651 2437 755 2486 licebat
767 2438 808 2485 ita
819 2442 911 2485 tamen
925 2451 1016 2486 sumus
1030 2437 1130 2499 edocti,

182 2509 214 2554 ut
231 2518 278 2554 eos
297 2519 390 2552 omnes
413 2508 441 2552 et
459 2503 583 2569 uolgaris
605 2505 778 2554 recensionis
801 2505 947 2554 etaetatis
966 2506 1132 2554 recentioris

183 2587 244 2624 esse
257 2572 385 2621 sciamus.
415 2571 462 2621 Sic
479 2586 521 2620 111
534 2571 774 2636 Neapolitani,
794 2586 812 2620 x
824 2571 993 2622 ambrosiani
1004 2571 1032 2619 M
1039 2571 1132 2622 edio·

182 2641 359 2699 lonenses,
382 2638 526 2688 duodecim
543 2639 713 2688 laurentiani
729 2638 937 2698 Florentiui‚
964 2654 1076 2703 quorum
1094 2641 1130 2689 H.

181 2709 266 2758 Peter
283 2705 496 2771 descriptionem
515 2708 659 2756 nobiscum
677 2707 900 2765 communicauit‚
919 2707 971 2756 duo
991 2706 1059 2758 bibl.
1074 2723 1131 2757 mo-

182 2779 253 2824 nast.
273 2776 301 2822 in
318 2773 431 2823 Monte
449 2772 574 2823 Casino
597 2772 658 2836 (No.
672 2776 723 2824 394
734 2775 832 2829 memb,
846 2789 866 2823 s.
880 2789 949 2822 xrrrr
962 2773 1074 2823 mutilus
1088 2790 1130 2825 re·

182 2843 302 2907 scriptus
314 2857 386 2890 max.
398 2844 503 2905 partem
516 2843 627 2892 Nouae
640 2843 738 2893 memb.
749 2858 770 2891 s.
781 2842 862 2904 x1111)
876 2857 989 2906 quorum
1002 2843 1132 2891 notitiam

182 2909 278 2960 Ottoni
288 2908 430 2959 Benndort
441 2908 584 2971 debemus,
598 2909 903 2960 Lobkowitzianus
915 2909 982 2959 bibl.
991 2909 1130 2959 Raudnitz

183 2978 217 3027 ad
229 2976 320 3026 Albim
337 2978 366 3025 in
383 2976 517 3027 Bobemia
535 2978 644 3040 (memb.
663 2993 687 3029 a.
703 2977 779 3041 1440)
799 2979 875 3027 cuius
893 2993 948 3027 non
965 2976 1041 3026 nulla
1059 2978 1131 3031 folia.

179 3045 212 3096 F.
236 3042 325 3107 Pauly
347 3045 473 3094 contulit.
509 3044 625 3094 Accedit
646 3044 943 3094 Vratislauiensis
967 3044 1040 3094 alter
1061 3045 1129 3098 bibl.

180 3127 237 3177 reg.
255 3112 330 3161 univ.
344 3109 384 3159 1v
402 3112 434 3173 Q.
448 3114 481 3162 42
499 3112 588 3161 chart.
606 3128 630 3161 a.
652 3114 718 3162 1502
734 3113 816 3162 Herc.
836 3118 863 3162 et
879 3112 949 3176 Thy.
968 3113 1129 3176 continens)

179 3179 395 3230 Drasdeuses
418 3180 471 3230 duo
496 3180 534 3242 (P
557 3183 604 3230 151
628 3181 740 3230 membr.
760 3182 824 3230 1402
847 3181 1005 3245 rescriptos.
1035 3181 1060 3229 D
1081 3182 1130 3230 ata

181 3249 267 3299 chart.
282 3263 304 3298 s.
317 3246 365 3309 xv)
384 3247 559 3298 Gudianus
577 3247 830 3315 guelpherbytanue
843 3247 892 3299 lat.
906 3249 939 3298 34
951 3263 973 3301 s.
988 3262 1057 3297 xrur
1071 3263 1130 3297 mu·

179 3317 245 3366 tilus
255 3316 293 3365 in.
306 3321 334 3365 et
343 3314 387 3365 fin.
402 3341 433 3350 -
446 3316 650 3366 Vincentius
663 3314 934 3365 Bellouacensis
948 3315 1034 3380 quiin
1047 3310 1129 3364 xxx1⁰

179 3384 251 3434 libro
264 3384 372 3449 speculi
386 3383 521 3434 naturalis
541 3383 675 3437 [confecti
688 3398 761 3433 anuo
775 3384 851 3449 1250)
871 3383 1019 3434 nonnullos
1031 3396 1129 3433 uersus

182 3468 197 3504 o
211 3451 337 3502 Senecae
350 3451 502 3517 tragoediis
516 3450 598 3499 affert
611 3464 664 3513 quo
681 3464 746 3502 usus
760 3456 804 3501 est
816 3451 1023 3516 tragoediarum
1037 3465 1129 3501 exem·

178 3519 241 3586 plar
253 3520 343 3569 utrius
355 3520 441 3569 fuerit
453 3519 625 3569 recensionis
637 3533 692 3568 nou
704 3518 800 3581 liquet.
