2544 4040
518 267 693 314 PHAEDRA

147 413 223 472 haec
238 408 377 470 delicatas
393 407 505 485 eligens
520 408 611 485 pestis
627 406 749 467 domos?

148 515 204 556 cur
219 502 318 554 sancta
335 494 436 570 paruis
451 490 606 550 habitatin
622 493 709 551 tectis
725 493 821 552 Venus

147 581 338 657 mediumque
353 594 440 637 sanos
456 575 562 653 uulgus
577 575 710 635 adiectus
725 583 806 637 tenet

149 674 225 726 etse
242 669 382 724 coercent
398 660 530 720 modica?
553 666 655 719 contra
671 660 777 721 diuites

148 765 304 827 regnoque
319 745 385 806 fulti
402 745 487 823 plura
504 761 592 820 quam
608 744 651 804 ias
667 752 711 805 est
727 745 847 821 petunt?

149 832 229 914 quod
247 849 306 891 non
321 837 432 908 potest,
448 828 512 889 uult
526 845 615 905 posse
629 831 679 906 qui
695 831 816 889 nimium
832 836 937 909 potest.

122 929 133 977 i
195 915 271 988 Quid
287 917 391 976 deceat
406 912 464 974 alto
479 913 642 991 praeditam
659 913 732 973 solio
749 914 847 975 uides:

149 1010 251 1062 metue
266 1019 300 1061 ac
315 1016 424 1059 uerere
439 1005 555 1075 sceptra
571 1000 729 1059 remeantis
745 999 812 1059 uiri.

115 1196 133 1230 a
195 1161 251 1229 PH]
275 1168 390 1228 Amoris
405 1168 434 1226 in
452 1185 499 1227 me
515 1168 674 1227 maximum
690 1185 815 1245 regnum
830 1174 901 1246 puto
983 1228 985 1233 ,

149 1255 321 1333 reditusque
337 1251 434 1312 nullos
450 1260 565 1312 metuo:
588 1268 647 1311 non
664 1268 803 1330 umquam
820 1251 945 1329 amplius

122 1394 125 1399 ,
150 1356 283 1399 connexa
299 1338 394 1413 tetigit
409 1353 515 1414 supera
532 1337 582 1413 qui
599 1352 714 1396 mersus
729 1334 821 1395 semel

150 1424 223 1484 adiit
238 1421 374 1483 silentem
390 1428 477 1481 nocte
491 1427 634 1498 perpetua
650 1420 781 1480 domum.

111 1510 137 1568 ι’
193 1521 295 1568 ner.
321 1506 364 1567 Ne
380 1505 468 1566 crede
484 1506 551 1565 Diti.
582 1503 721 1564 clauserit
736 1521 861 1582 reguum
876 1503 945 1565 licet

150 1594 291 1670 canisque
306 1592 385 1651 diras
400 1591 511 1668 stygius
526 1588 666 1648 obseruet
680 1589 776 1649 fores:

150 1670 734 1753 solusnegatasinuenitTheseusuia's.
973 1698 976 1703 ·
1047 1687 1166 1729 cccxx

150 1775 208 1821 PH.
233 1761 350 1820 ueniam
367 1757 416 1818 ille
432 1760 526 1818 amori
541 1758 665 1817 forsitan
680 1765 782 1818 nostro
798 1757 887 1818 dabit.
1082 1773 1133 1821 230
1174 1792 1177 1797 <

114 1859 133 1908 b
196 1857 298 1905 uvrn.
322 1844 436 1904 Inmitis
451 1845 538 1902 etiam
557 1843 674 1919 coniugi
691 1850 788 1904 castae
805 1842 872 1902 luit:

151 1938 271 2008 experta
288 1946 406 1989 saeuam
424 1934 467 1987 est
483 1926 609 1986 barbara
625 1926 749 2004 Antiope
765 1944 896 1988 murrum.

150 2015 203 2075 sed
218 2031 306 2091 posse
321 2012 399 2072 flecti
416 2013 571 2086 coniugem
588 2012 695 2071 iratum
711 2020 797 2089 puta:

150 2101 217 2176 quis
232 2098 320 2157 huius
336 2098 466 2156 animum
483 2094 583 2156 flectet
598 2095 833 2157 intractabilem-l

151 2199 287 2243 exosus
303 2199 391 2242 omne
407 2181 535 2240 feminae
551 2198 659 2239 nomen
676 2180 763 2258 sugit,

150 2268 263 2327 inmitis
278 2283 372 2326 annos
388 2264 491 2325 caelibi
507 2267 586 2324 uitae
603 2264 694 2333 dicat,

150 2351 277 2412 conubia
293 2352 380 2411 uitat:
405 2367 498 2427 genus
515 2352 700 2409 amazonium
716 2350 802 2409 scias.

108 2437 135 2496 b'
191 2449 249 2495 PH.
272 2435 403 2496 Huncin
420 2435 516 2495 niuosi
532 2433 615 2494 collis
631 2433 802 2493 lraerentem
818 2434 892 2511 iugis

152 2529 181 2582 et
197 2539 302 2598 aspera
318 2518 385 2596 agili
402 2537 470 2579 saxa
487 2518 649 2578 calcantem
664 2517 740 2596 pede
824 2530 833 2549 r

149 2607 235 2683 sequi
249 2623 303 2683 per
318 2603 375 2664 alta
391 2621 512 2665 nemora
529 2621 583 2680 per
600 2610 715 2662 montes
730 2600 835 2680 placet.
1082 2615 1132 2665 240

125 2686 127 2689 ’
148 2703 252 2749 ΝνΤΒ.
277 2690 396 2748 resistet
410 2687 459 2748 ille
474 2706 565 2766 seque
581 2686 771 2748 mulcendum
787 2686 869 2747 dabit

92 2822 98 2834 .
148 2780 305 2852 castosque
320 2775 396 2832 ritus
411 2790 522 2832 uenere
538 2790 596 2832 non
614 2780 691 2832 casta
709 2772 813 2832 exuet?

147 2856 202 2918 tibi
219 2863 308 2935 ponet
323 2856 445 2917 odium
462 2858 545 2916 cuius
561 2857 629 2917 odio
645 2856 768 2917 forsitan

146 2943 339 3021 persequitur
355 2941 477 3002 omnes?

145 3040 205 3086 ΡΗ.
512 3024 652 3103 precibus
668 3024 745 3085 haud
762 3026 841 3085 uinci
856 3025 974 3104 potest?

215 3214 266 3262 218
285 3214 477 3263 eteecoernent
494 3209 519 3258 Ε
541 3205 553 3274 11
576 3211 626 3260 223
644 3210 704 3259 iero
723 3211 747 3260 A
770 3216 837 3277 puto
855 3213 904 3262 Eli
926 3210 986 3277 (ced
1003 3214 1063 3264 add.
1120 3233 1124 3241 ·

144 3282 204 3331 ead.
225 3296 256 3331 m.
274 3282 301 3329 in
319 3281 356 3330 R:
373 3270 390 3328 l'
410 3276 479 3340 fero)
499 3272 511 3342 {l
534 3279 584 3327 227
602 3278 669 3328 ditis
688 3277 824 3330 clauserit
841 3281 866 3329 A
885 3280 937 3329 diti
956 3280 1064 3330 clause-

144 3349 182 3398 rit
209 3348 234 3396 E
262 3344 398 3408 (cluserit
425 3354 442 3396 t.
468 3345 533 3408 or.)
563 3342 574 3410 ΙΙ
603 3348 651 3396 241
682 3346 763 3398 NVT.
784 3348 808 3397 A
838 3363 885 3397 om.
905 3348 930 3396 E
951 3349 1016 3397 dunc
1038 3353 1063 3396 et

143 3432 217 3483 sequ.
236 3431 261 3465 u.
284 3416 422 3466 Phaedrae
445 3415 619 3477 adsignandoe
645 3417 743 3464 censuit
763 3416 838 3480 Lips.
867 3410 879 3479 ΙΙ
907 3417 957 3465 243
979 3414 1062 3467 NVT.

143 3485 286 3617 τίδίῑῗιιῇὶ
308 3483 334 3549 Ε
361 3484 443 3533 NVT.
467 3498 514 3533 om.
540 3482 564 3530 A
594 3477 606 3546 ll
635 3482 685 3530 244
711 3483 769 3534 ΡΗ.
794 3482 925 3547 precibus
949 3484 974 3532 A
1004 3481 1066 3533 PH:

143 3569 190 3603 om.
