2544 4046
230 250 274 314 50
514 266 544 312 n.
561 257 694 311 anunm
710 264 867 312 sennenn

236 405 292 465 iam
311 403 364 465 tela
382 404 470 464 uideo
486 412 596 463 nostra.
630 420 688 462 non
705 421 817 482 quaero
830 423 966 465 manum:

194 498 220 556 a'
278 488 349 560 Quis
366 490 460 568 potuit
475 506 576 548 arcum
593 487 714 549 flectere
730 497 780 549 aut
794 507 870 567 quac
886 489 1005 552 dextera

234 575 353 635 sinuare
371 591 497 634 neruum
512 575 608 633 inuita
629 573 782 633 cedentem
799 574 888 633 milri?
1177 597 1232 645 troo

233 661 268 720 ad
286 677 340 718 uos
355 665 492 719 reuertor
510 658 670 735 genitor.
695 658 753 718 hoc
767 666 901 719 nostrum
918 668 965 720 est
979 659 1127 722 scelus?

233 753 362 805 tacuere.
394 750 529 803 nostrum
547 751 599 802 est.

231 842 340 889 nuru.
632 825 728 886 luctus
744 834 788 886 est
802 828 868 889 istic
883 837 953 889 tuus

233 916 344 975 crimen
362 928 519 973 nouercae.
544 912 637 971 casus
645 911 693 971 hic
708 910 792 990 culpa
808 920 899 973 caret.
1158 926 1224 970 nnn

191 1012 219 1061 d⁰
274 1008 378 1057 nnnc.
403 996 488 1056 Nunc
503 1003 587 1074 parte
603 995 639 1056 ab
657 997 735 1055 omni
751 998 868 1072 genitor
883 999 977 1057 iratus
993 1007 1061 1060 tona

236 1081 326 1142 oblite
342 1082 443 1141 nostri.
477 1081 591 1140 uindico
608 1099 674 1140 sera
691 1098 778 1140 mauu
1174 1102 1231 1149 latu

235 1165 337 1227 saltem
355 1172 487 1242 nepotes.
519 1163 651 1242 stelliger
667 1166 795 1225 mundus
810 1173 896 1226 sonet

231 1251 424 1328 flammasque
441 1258 470 1310 et
485 1249 533 1309 hic
549 1257 579 1309 et
592 1249 641 1309 ille
658 1249 801 1309 iaculetur
817 1250 913 1326 polus.

197 1350 213 1399 d
275 1336 374 1416 Rupes
390 1334 511 1413 ligatum
528 1337 644 1411 caspiae
660 1352 768 1411 corpus
785 1335 902 1395 trahant

232 1419 338 1501 [atque
354 1423 417 1481 ales
432 1422 537 1481 uuida.
561 1438 618 1480 cur
625 1421 798 1494 promethei
811 1430 928 1480 uncant

234 1508 373 1581 scopuli?
388 1514 520 1579 uagetur
533 1508 650 1565 uertice
663 1507 796 1565 inmenso
809 1503 912 1583 serus]

231 1588 429 1668 uolucresque
446 1606 571 1666 pascens
587 1587 707 1649 Caucasi
723 1587 881 1666 abruptum
898 1588 976 1650 latus

232 1674 403 1751 nullumque
419 1672 510 1733 siluis.
534 1670 582 1732 illa
600 1689 677 1749 quae
691 1680 813 1749 pontum
830 1674 952 1751 scythen

229 1756 402 1835 Symplegas
417 1764 508 1825 artat,
525 1757 595 1817 hinc
611 1764 640 1817 et
655 1757 724 1817 hinc
739 1759 852 1832 uinctas
868 1775 974 1818 manus

229 1841 377 1902 distendat
391 1840 459 1902 alto.

190 1937 216 1994 d'
489 1926 622 2004 Cumque
638 1934 775 1986 reuocata
792 1928 856 1986 uice

228 2012 256 2069 in
274 2030 305 2071 se
321 2010 443 2072 coibunt
458 2029 588 2089 sanaque
603 2012 632 2071 in
648 2009 761 2070 caelum
778 2012 944 2086 expriment
1167 2030 1229 2079 1220

228 2097 300 2155 actis
315 2101 464 2173 utrimque
478 2094 604 2172 rupibus
619 2095 747 2155 medium
766 2113 857 2162 mare,

228 2198 283 2259 ego
299 2182 427 2259 inquieta
444 2182 589 2240 montium
606 2182 716 2239 iaceam
729 2197 822 2240 mora.
927 2244 931 2250 ,
1165 2199 1227 2247 1222

193 2284 210 2333 d
271 2279 380 2326 nuru.
412 2265 549 2325 Nondum
565 2262 691 2324 tumultu
709 2273 812 2342 pectus
828 2267 949 2324 attonito
965 2283 1073 2328 carens
1169 2282 1243 2332 1226

227 2352 352 2410 mutauit
367 2350 425 2410 iras
441 2350 581 2428 quodque
595 2347 685 2408 habet
700 2350 852 2427 proprium
870 2350 962 2418 furor,

226 2436 255 2493 in
271 2454 303 2495 se
318 2437 380 2514 ipse
396 2437 498 2496 saeuit.

225 2532 329 2578 nnuc.
535 2523 616 2580 cluna
633 2518 776 2578 luriarum
792 2517 856 2578 loca

227 2612 255 2661 et
271 2603 435 2663 interorum
451 2621 554 2663 carcer
571 2613 600 2664 et
615 2605 690 2662 souti
707 2601 790 2680 plaga

294 2807 359 2855 1203
372 2819 446 2854 nuno
459 2820 544 2867 quero
561 2806 590 2854 V
590 2806 655 2856 R13
672 2801 683 2871 ll
701 2807 766 2856 1205
778 2820 878 2855 neruos
890 2806 916 2855 E
934 2822 1047 2856 neruum
1058 2810 1106 2872 φΑ
1119 2805 1134 2874 Η

224 2873 252 2923 ui
264 2873 379 2924 cedente
390 2873 456 2921 mihi
467 2872 492 2920 E
505 2873 551 2921 uix
562 2872 705 2922 cedentem
717 2875 766 2922 VP
776 2874 951 2923 uixreced.A
965 2877 1010 2924 uix
1021 2877 1073 2924 iam
1083 2877 1143 2927 ced.

224 2942 356 3007 Eguiaaus
380 2956 450 3005 pene
464 2939 523 2990 ced.
536 2940 559 2990 R
569 2942 644 2991 Vuae.
666 2942 714 2990 uix
732 2957 802 3006 pene
822 2941 881 2991 ced.
896 2942 966 3007 Mop.
992 2946 1068 2992 iuxta
1083 2943 1145 2995 ced.

223 3025 281 3059 mar.
306 3010 473 3072 Neapolitani
499 3011 564 3058 unde
591 3009 675 3058 insin
699 3009 759 3061 ced.
780 3009 827 3061 Bo.
867 3025 936 3074 pene
960 3011 1140 3060 luctantem

229 3077 306 3126 Wz'tt.
331 3078 439 3125 inuita
457 3078 551 3140 accipet
615 3076 958 3127 11111111.’11111111]Ι
983 3074 994 3143 ll
1024 3080 1089 3127 1212
1113 3083 1142 3126 et

222 3144 437 3195 antehioalreot
458 3145 551 3194 VBM
611 3142 1144 3215 1214.1215aeteurlluiarouogetur
1259 3122 1261 3197 l

223 3212 280 3262 EV
295 3214 491 3277 uagetualit3
502 3229 544 3277 pr.
559 3229 589 3266 m.
619 3215 770 3278 pareturA
794 3211 806 3278 ΙΙ
830 3216 894 3263 1217
914 3210 1139 3281 qulsticheum

227 3280 260 3330 V1
290 3278 302 3345 ll
332 3284 396 3331 lain
422 3280 547 3331 discedot
566 3280 600 3331 V'
625 3278 629 3349 l
667 3284 733 3332 1220
750 3282 848 3331 coibit
866 3281 984 3333 B.Scluu.
1013 3279 1024 3347 ll
1048 3281 1137 3346 expri·

223 3355 298 3400 ruent
327 3351 375 3399 Vn
408 3352 598 3414 exprimente
641 3346 645 3409 l
687 3350 877 3399 latu-lato
907 3353 1056 3413 transposui
1080 3355 1142 3413 post
1260 3352 1261 3405 l

222 3434 245 3469 a,
267 3420 330 3468 1241
357 3417 368 3485 ΙΙ
398 3420 464 3468 1228
487 3419 607 3468 attonito
625 3418 681 3466 EV
702 3419 848 3466 attonitum
867 3417 892 3466 A
922 3413 935 3482 ΙΙ
969 3432 1067 3466 carena
1086 3416 1140 3465 ΕΙ)

224 3486 650 3618 Ι’11ν(ιί.1ι.1,1)ῇὶνίαηί11110111
682 3484 693 3550 ll
725 3486 790 3533 1228
809 3484 876 3533 fierit
897 3485 961 3547 Miop
991 3481 1003 3551 ss
1032 3486 1143 3534 ‹lirae›

222 3553 300 3601 elusa
324 3554 402 3602 tt'ut.
