2536 4046
229 252 268 301 VI
602 252 802 328 Puumrsuuo

230 411 285 469 Pir.
304 409 366 469 154
380 427 531 484 suspensae
545 411 575 466 Ε
594 411 727 468 sollicitae
743 413 769 467 A
797 412 817 468 Ρ
833 411 894 470 283
916 414 1075 469 moderatur
1089 414 1118 469 E
1137 416 1182 472 ia·

231 497 378 553 culaturA
394 495 493 570 quibus
508 496 640 553 accedunt
654 499 796 554 innumera
811 497 837 553 id
853 513 940 570 genus
955 498 1016 553 alia.

294 579 366 635 llaec
381 588 409 636 et
424 589 571 653 quaesunt
585 580 684 636 similia
695 582 808 655 adparet
822 582 860 637 ita
875 599 930 638 non
942 584 1179 657 posseexplieari,

229 674 261 722 ut
276 664 362 721 altera
377 666 514 738 scriptura
528 682 560 722 er
571 665 658 722 altera
674 673 721 722 aut
734 666 882 740 deprauata
898 675 945 723 aut
955 666 1050 723 librari
1065 665 1180 724 libidine

229 757 334 807 mutate
348 757 393 804 ant
410 749 606 823 interpretandi
618 767 715 807 caussa
730 750 866 824 adscripta
881 768 942 808 esse
954 752 1069 809 dicatur.
1092 752 1179 809 lmmo

230 835 276 890 uis
288 841 330 889 est
341 833 452 890 dubium
465 834 530 908 quin
543 844 660 910 utraque
671 836 787 909 quodam
800 835 880 891 modo
898 834 930 892 ab
946 837 1007 909 ipso
1018 845 1100 909 poeta
1112 854 1180 909 pro·

228 919 299 976 lecta
313 919 358 980 sit,
374 918 452 974 cuius
466 919 645 992 pugillaribus
661 921 806 993 utriusque
820 922 927 994 generis
943 927 1084 977 auctorem
1096 938 1177 978 usum

230 1019 290 1059 esse
305 1001 429 1061 diximus.
456 1000 530 1069 Quos
547 1005 656 1077 quidem
671 1003 812 1061 codicillos
829 1021 889 1061 cum
906 1012 986 1078 poeta
1002 1005 1099 1062 crebro
1114 1022 1178 1062 eor-

229 1087 355 1163 rexisset,
372 1087 525 1144 inducendo
537 1089 664 1144 nimirum
680 1090 907 1163 suprascribendo
924 1090 1006 1146 uerba
1022 1105 1177 1164 uersusque

157 1176 164 1197 '
229 1171 289 1229 siue
303 1170 474 1229 interlineas
490 1174 549 1228 siue
565 1173 597 1228 ad
609 1175 759 1246 marginem
775 1173 915 1231 adiciendo
931 1182 959 1230 et
974 1176 1012 1229 ita
1024 1174 1131 1249 quidem
1145 1182 1177 1230 ut

230 1256 294 1329 quid
306 1256 361 1328 legi
377 1255 460 1313 uellet
475 1266 522 1312 aut
534 1274 589 1330 quo
607 1275 731 1332 quaeque
746 1260 916 1331 pertinerent
931 1257 1024 1314 multis
1035 1259 1104 1315 locis
1119 1275 1177 1315 nou

227 1342 295 1396 satis
316 1348 442 1397 accurate
464 1341 678 1415 significaret*):
708 1341 767 1399 fieri
788 1360 842 1399 nou
864 1343 955 1417 potuit
976 1345 1041 1417 quin
1062 1343 1115 1399 duo
1135 1342 1176 1398 illi

227 1424 333 1481 librarii
358 1427 404 1499 qui
425 1426 535 1483 diuerso
552 1436 677 1502 tempore
693 1436 791 1501 poetae
811 1429 995 1501 chirographo
1018 1427 1050 1483 ad
1071 1427 1176 1483 deseri-

226 1508 345 1565 bendum
366 1518 510 1566 uterentur
525 1511 682 1568 dubitantes
698 1528 780 1586 saepe
796 1512 861 1584 quid
883 1512 926 1567 uel
944 1529 998 1585 quo
1020 1512 1115 1568 ordine
1130 1512 1177 1567 de·
1263 1536 1264 1541 ¹

227 1593 380 1649 scriberent
395 1593 465 1649 alter
480 1594 533 1650 hoc
548 1595 618 1651 alter
633 1594 701 1651 illud
717 1595 840 1668 eligeret,
858 1593 927 1650 alter
942 1594 1060 1651 alterum
1076 1612 1176 1669 seque·
1263 1638 1264 1641 η

226 1686 304 1733 retur
319 1694 449 1733 uersuum
466 1678 598 1742 ordinem,
614 1679 685 1735 liaud
700 1695 763 1735 raro
779 1687 897 1753 uterque
908 1695 978 1752 quae
992 1679 1048 1754 legi
1065 1681 1175 1737 omniuo

227 1779 282 1819 uon
299 1770 428 1836 poterant
443 1764 583 1820 omitteret
594 1759 651 1836 **).
682 1761 751 1830 Quid
767 1763 851 1820 uero?
874 1780 927 1819 non
945 1764 1044 1820 desunt
1058 1764 1111 1821 loci
1129 1765 1175 1821 ubi

228 1855 374 1921 utramque
398 1847 539 1921 archetypi
565 1849 711 1905 lectionem
736 1847 866 1906 librarius
887 1849 1012 1905 uideatur
1034 1848 1175 1922 amplexus

227 1948 298 1988 esse.
330 1930 374 1988 Sic
389 1931 411 1988 ll
428 1931 466 1989 19
483 1933 512 1987 in
526 1932 556 1987 E
569 1942 596 1989 et
612 1935 637 1989 Α
653 1933 755 2005 legitur
776 1933 841 1990 ‘sed
860 1940 985 1989 uetera
1005 1950 1086 1990 sero
1109 1949 1176 2006 que-

226 2016 330 2072 rimur'
347 2016 393 2073 uhi
409 2024 457 2072 aut
472 2014 602 2074 ‘uetera'
619 2028 666 2074 aut
682 2017 791 2082 'sero'‚
812 2035 867 2074 non
889 2026 1037 2092 utrumque
1057 2018 1176 2074 admittit

226 2116 333 2157 uersus.
368 2101 451 2157 huius
467 2104 577 2176 generis
598 2103 678 2176 plura
700 2103 820 2177 exempla
837 2105 864 2158 in
880 2104 908 2158 Ε
928 2103 1073 2177 adparent,
1097 2101 1176 2158 uelut

226 2187 324 2241 haece:
347 2185 370 2240 H
387 2184 447 2243 688
464 2195 559 2242 errat
575 2186 645 2243 ludit
660 2188 685 2244 Α
704 2189 774 2244 ludit
796 2186 850 2244 ΕΑ
867 2187 948 2244 1157
964 2205 1014 2243 cur
1029 2204 1068 2242 en
1083 2187 1113 2241 Ε
1125 2203 1177 2243 cur

226 2270 281 2340 Αφ
297 2269 354 2324 lllr.
366 2272 457 2344 recipe
474 2270 618 2327 admitte
633 2272 663 2326 Ε
682 2273 809 2347 reeipeA
825 2273 879 2327 Plr.
892 2271 931 2327 41
949 2273 1055 2328 concita
1069 2288 1176 2327 cursu

226 2354 344 2412 celerem
360 2354 474 2428 gradum
490 2350 520 2410 E
546 2373 623 2412 conc.
640 2357 756 2413 celerem
771 2375 812 2432 gr.
829 2357 855 2412 ,t
884 2357 953 2413 lled.
971 2354 1031 2412 769
1052 2355 1176 2411 nemoris

226 2441 332 2515 antiqui
349 2441 454 2497 decus
469 2440 567 2498 domus
582 2441 612 2495 Ε
633 2459 659 2498 υ.
677 2459 699 2498 a.
718 2443 815 2499 domus
831 2443 865 2521 ᾼ.
895 2440 947 2497 Sed
962 2441 1045 2497 latius
1060 2439 1113 2495 lioe
1128 2455 1177 2512 ge·

197 2590 200 2595 1
226 2540 279 2579 nus
300 2532 384 2597 patet.
419 2524 484 2579 llam
506 2534 588 2599 poeta
610 2544 671 2583 cum
692 2527 858 2600 aliquotiens
880 2525 991 2580 eandem
1012 2524 1177 2580 seutentiam

227 2608 330 2681 duplici
354 2607 437 2664 modo
461 2612 652 2681 expressisset,
684 2610 756 2666 haud
782 2626 844 2664 raro
871 2608 973 2664 laetum
1000 2614 1043 2663 est
1070 2618 1100 2665 ut
1127 2617 1177 2665 aut

226 2700 376 2766 utrumque
397 2691 476 2749 amito
499 2693 700 2762 describerent,
727 2693 805 2750 uelut
820 2692 842 2749 ll
858 2690 984 2749 50-51
999 2713 1042 2741 =
1056 2691 1096 2750 46
1113 2710 1175 2766 sqq.

227 2773 603 2836 eru-77:263-71.
633 2776 967 2838 ott-8:670-1.
998 2777 1040 2835 'le
1057 2776 1178 2832 122:

228 2944 290 3004 627
308 2944 368 3002 675
385 2963 446 3019 sqq.
468 2946 617 3022 multisque
638 2947 706 3004 aliis.
743 2946 816 3016 Quae
833 2964 894 3005 cum
918 2949 955 3002 ita
970 2947 1038 3009 sint.
1066 2946 1112 3001 uli
1127 2955 1176 3003 aut

226 3029 337 3086 lacunas
358 3030 573 3102 significauimus
596 3042 643 3089 aut
671 3049 769 3089 uersus
791 3035 851 3088 sine
872 3031 1090 3105 transponeuilos
1115 3031 1176 3087 siue

228 3112 366 3171 eiciendos
390 3118 561 3179 censuimus.
587 3119 689 3174 nemini
710 3116 835 3191 prolecto
857 3132 888 3173 ea
911 3116 1063 3173 uidebimur
1085 3117 1176 3171 omnia

230 3228 417 3239 ——u—
428 3233 435 3239 .

296 3277 320 3343 *)
344 3278 438 3330 Simile
463 3281 604 3347 exemplos
624 3281 759 3332 historice
777 3279 913 3333 naturalis
931 3280 1052 3330 Plinium
1073 3280 1176 3330 seimus

226 3347 373 3413 reliquisse
396 3346 543 3414 inopinate
564 3354 651 3400 morto
672 3349 841 3415 prohibitum
862 3348 1005 3414 quominus
1022 3347 1100 3398 libris
1116 3349 1176 3417 suis

228 3417 355 3468 ultimum
375 3431 487 3467 menum
503 3418 657 3482 inponeret.
727 3414 770 3483 *11)
788 3418 865 3468 Idem
882 3416 959 3482 pessi
978 3423 1041 3466 sunt
1058 3415 1176 3479 scripto·

228 3500 288 3535 rum
304 3483 369 3534 hist.
381 3484 451 3550 Aug.
465 3484 532 3535 libri
544 3499 611 3550 qnos
625 3486 673 3549 qui
685 3485 892 3552 descripserunt
914 3483 1000 3534 medii
1017 3482 1079 3533 sevi
1091 3482 1178 3533 homi-

227 3566 277 3602 nes
290 3550 406 3602 lseunss
419 3566 531 3616 prorsus
544 3552 767 3606 dissimulabunt.

227 2860 291 2918 120
307 2870 368 2923 eto„
385 2870 432 2917 aut
447 2861 563 2919 alterum
579 2864 663 2926 alter,
681 2872 712 2919 nt
727 2864 796 2920 locis
813 2879 895 2936 supra
912 2862 1001 2919 allatis
1016 2863 1039 2918 H
1055 2861 1095 2919 36
1112 2879 1174 2936 sqq.
1264 2828 1265 2919 1

1258 3784 1265 4011 ι
