2544 4040
216 264 276 330 138
466 296 468 300 >
494 279 525 325 n.
542 254 674 326 dunum
691 278 850 325 snuncnn

174 419 200 477 ‹t'
259 421 387 496 Stirpem
404 436 511 496 perosa
527 416 604 478 Solis
619 418 706 477 inuisi
722 417 820 478 Venus

217 523 270 582 per
286 522 341 564 nos
357 498 474 564 cotenes
490 503 619 563 uindicat
633 502 735 562 Martis
750 504 796 561 sui

186 598 205 608 “
215 606 342 667 suasque
356 587 475 666 probris
490 605 578 648 omne
594 585 760 663 phoebeum
776 603 871 662 genus

108 749 113 757 ¹
217 680 323 733 onerat
337 672 480 733 nefandis.
512 669 591 732 nulle
607 672 713 730 minois
728 670 784 730 leri

217 757 356 818 defuncta
372 775 473 817 cruore
489 764 549 825 cst,
566 756 696 832 iungitur
711 773 829 832 semper
845 757 937 817 netas,

182 869 198 903 e
258 855 361 902 uvrlt.
387 841 499 901 Thesea
517 838 740 901 coniunxclarc
755 842 914 918 progenies
928 839 1006 901 louis

216 926 344 987 nelenda
360 933 440 986 casto
456 934 577 1003 pectore
593 923 717 985 exturba
734 926 826 985 ocius·

218 1013 357 1088 extingue
372 1009 506 1069 flammas
520 1027 597 1071 neue
614 1018 642 1068 te
660 1008 742 1069 dirae
757 1010 820 1086 spei

217 1094 329 1174 praebe
344 1094 567 1173 obsequentem.
599 1094 731 1172 quisquis
747 1093 886 1170 inprime
901 1093 1013 1155 obstitit

217 1177 392 1259 pepulitque
408 1195 539 1238 amorem
556 1185 637 1239 tutus
653 1196 688 1238 ec
703 1179 799 1238 uictor
814 1179 885 1247 luit,

218 1266 268 1344 qui
285 1263 464 1323 blandiendo
480 1262 566 1323 dulce
583 1263 707 1322 nutriuit
721 1261 830 1322 malum

219 1367 287 1410 sero
302 1354 421 1408 recuset
436 1347 516 1408 serre
532 1347 609 1424 quod
627 1346 717 1407 subiit
730 1348 843 1422 iugum.

182 1434 207 1492 e'
262 1433 324 1494 Neo
340 1451 387 1492 me
402 1431 477 1510 sugit
492 1449 579 1509 quam
596 1431 689 1491 durus
705 1438 733 1491 et
749 1433 812 1490 ueri
828 1430 956 1492 insolens

217 1519 252 1578 nd
269 1524 350 1577 recto
366 1516 444 1577 flecti
459 1518 559 1594 regius
574 1514 646 1576 nolit
663 1524 771 1576 tumor.

218 1619 426 1681 quemcunque
442 1601 557 1661 dederit
572 1601 682 1661 exitum
699 1617 784 1660 casus
800 1600 910 1660 leram:

218 1687 323 1746 sortem
339 1685 409 1745 lucit
423 1684 657 1745 uicinalibertas
671 1702 783 1745 senem.

219 1769 360 1850 [honesta
368 1774 504 1846 primum
519 1778 564 1830 est
577 1772 655 1830 uelle
669 1787 725 1830 nee
739 1771 803 1829 lubi
813 1772 881 1847 uia,

211 1857 318 1931 pudor
332 1862 376 1915 est
389 1856 539 1915 secundus
553 1872 640 1915 nosse
649 1855 808 1930 peccandi
820 1852 967 1933 modum]

218 1958 276 2019 quo
292 1940 399 1999 misera
414 1939 532 2016 pergis?
555 1939 623 2018 quid
641 1938 760 1998 domum
775 1938 914 1998 infamem
931 1955 1077 2016 eggrauoo

217 2041 400 2103 superasque
416 2023 559 2083 matrem?
583 2025 677 2083 maius
693 2032 737 2083 est
751 2029 885 2082 monstro
900 2023 999 2082 riolas:

218 2125 286 2168 nam
302 2115 434 2168 monstro
451 2107 524 2176 lato,
542 2107 676 2168 moribus
691 2106 803 2167 scelera
820 2107 947 2184 inputec

193 2195 207 2216 ''
263 2193 294 2251 Si
310 2192 389 2271 quod
405 2194 531 2252 maritus
547 2210 654 2270 supera
670 2209 728 2251 non
744 2194 840 2251 cernit
854 2190 918 2250 loca

219 2284 313 2337 tutum
330 2295 396 2338 esse
412 2276 528 2336 lacinus
544 2277 641 2337 credis
657 2284 686 2336 et
701 2293 828 2336 uacuum
844 2282 944 2335 metu:

219 2380 311 2424 erres.
343 2363 438 2422 teneri
455 2361 543 2421 crede
558 2361 675 2421 lethaeo
690 2359 821 2420 abditum

219 2445 333 2508 Thesea
348 2446 497 2525 profundo
513 2453 542 2506 et
557 2448 636 2506 ieme
652 2451 825 2523 perpetuam
842 2444 944 2523 Styga:

219 2531 287 2609 quid
304 2530 354 2590 ille
369 2530 428 2591 leto
444 2533 535 2591 maria
552 2532 601 2608 qui
617 2547 710 2608 regno
725 2531 834 2607 premit
936 2550 944 2559 „

129 2659 133 2668 .
219 2614 394 2694 populisque
409 2615 507 2676 reddit
522 2615 586 2675 iura
604 2616 735 2675 centenis
750 2613 853 2692 pater?

220 2698 311 2760 latere
327 2707 438 2759 tantum
456 2699 570 2759 lucinus
586 2698 734 2759 occultum
751 2697 846 2759 sinet?

219 2896 420 2905 *—

287 3023 336 3073 129
353 3036 479 3087 perosum
492 3021 518 3071 E
529 3016 541 3086 ΙΙ
553 3033 648 3070 nemus
666 3017 701 3068 El
719 3034 789 3069 corr.
802 3016 839 3068 11ε
851 3012 862 3083 {l
876 3019 923 3068 131
941 2989 1078 3083 phoeblrm
1090 3015 1116 3064 E
1127 3013 1137 3080 l

220 3091 267 3139 141
285 3104 352 3139 uere
372 3105 391 3138 α
413 3086 425 3155 ΙΙ
449 3091 497 3139 143
515 3087 623 3136 ΡΗΑΕι
639 3102 743 3150 querno.
763 3087 821 3147 Αε,
841 3085 1135 3137 mundatricem.

220 3152 506 3221 011111114410116111
526 3182 557 3191 -
576 3154 680 3205 leuem
700 3155 732 3205 ci.
752 3153 866 3205 1111111.
882 3149 895 3219 ss
912 3154 961 3203 146
980 3153 1092 3202 obstare
1111 3151 1135 3201 A

219 3239 274 3273 non
292 3224 347 3273 ieta
365 3223 391 3273 E
413 3239 483 3274 corr.
502 3223 577 3275 NHo.
596 3223 661 3272 hone
679 3227 705 3272 et
721 3228 866 3286 sequentem
883 3238 907 3270 u.
927 3221 1022 3278 deleui,
1047 3220 1136 3269 neue

219 3300 349 3358 utrumque
361 3292 497 3342 collocante
513 3298 573 3354 port
590 3307 614 3342 u.
628 3292 681 3340 263
698 3291 851 3351 iuterpooito
868 3305 893 3338 u.
907 3291 959 3337 255
975 3283 987 3353 ΙΙ
1007 3288 1054 3337 147
1073 3301 1135 3350 gru·

218 3375 270 3411 uec
284 3362 308 3410 A
329 3373 467 3425 eggruuae
480 3358 534 3421 Εψ
546 3354 557 3424 Η
570 3359 619 3407 148
636 3358 725 3406 maius
744 3371 779 3406 ee
796 3358 828 3406 oi.
842 3356 875 3405 N.
888 3356 938 3407 He.
951 3350 963 3421 ΙΙ
976 3356 1025 3405 162
1042 3359 1136 3404 tamen

219 3433 250 3478 tu
268 3427 350 3479 crede
369 3429 393 3477 Α
416 3426 506 3477 teneri
524 3425 605 3475 crede
626 3426 666 3475 lie
682 3420 694 3490 Η
712 3426 760 3474 163
778 3423 914 3489 profundo
933 3422 1007 3472 lerre
1026 3423 1051 3472 A
1076 3436 1137 3486 pro·

218 3496 303 3547 fundo
322 3501 351 3546 et
368 3494 478 3545 fertili
497 3491 585 3557 (ferre
605 3500 622 3544 t.
643 3490 704 3558 Gr.)
722 3496 830 3555 stygem
849 3492 873 3541 A
894 3495 975 3555 styge
992 3489 1018 3538 E
1047 3486 1059 3554 ΙΙ
1090 3489 1138 3538 tot

219 3564 349 3613 tacitum
367 3568 398 3615 ei.
417 3562 528 3613 LGruu.
553 3558 565 3626 ΙΙ
