2576 4044
497 285 697 350 ucuuuuuo'
994 289 1054 353 351

181 455 290 503 Auum.
314 441 498 504 Veneremur
514 458 604 502 eras.

139 540 212 587 cus,
637 525 742 586 cecidit
758 534 825 586 aute
841 544 923 587 aras
940 536 1032 604 pater.

180 624 290 672 AGAM.
313 611 438 670 leuem
455 628 614 687 precemur
630 612 751 688 puriter.

138 708 211 756 cus,
441 732 445 743 ·
757 695 897 755 herceum
914 694 1056 756 Iouem?
1074 709 1125 759 830

181 793 289 841 Accu.
314 780 416 841 Credis
432 778 536 840 uidere
552 786 582 838 te
597 777 725 838 ilium?

139 877 213 925 GAS.
708 870 737 922 et
752 863 941 924 Priamum
957 864 1054 925 simul.

181 961 290 1009 Auem.
314 949 369 1009 Hic
383 949 494 1008 Troia
512 954 641 1008 nonest.

139 1047 212 1095 cus.
490 1099 492 1105 7
537 1030 649 1093 Helena
665 1030 717 1092 ubi
733 1039 793 1102 est,
810 1031 956 1093 Troiam
973 1043 1054 1112 puto.

180 1131 290 1178 Auum.
314 1117 358 1177 Ne
374 1124 474 1178 metue
489 1117 637 1177 domiuum
654 1116 799 1177 famula.

80 1252 82 1257 ,
137 1214 210 1262 cus.
784 1200 947 1262 libertas
963 1204 1053 1264 adest.

180 1298 289 1346 Attum.
314 1286 454 1346 Secura
471 1287 550 1346 cuiue.

137 1382 210 1430 cAS.
234 1437 237 1443 ff
576 1369 647 1428 mihi
663 1369 739 1427 mori
755 1376 801 1429 est
815 1370 1010 1430 securitas.

181 1466 289 1514 AGAM.
313 1452 433 1513 Nullum
451 1460 496 1512 est
510 1452 654 1531 periclum
671 1451 829 1514 tibimet.
1073 1469 1123 1518 835

138 1550 210 1597 cuc.
520 1560 524 1568 ·
772 1547 802 1598 at
816 1555 957 1615 maguum
973 1537 1052 1599 tibi.

179 1634 288 1682 AGAM.
315 1623 413 1681 Victor
429 1623 564 1683 timere
580 1622 649 1700 quid
666 1622 782 1700 potest?

137 1719 210 1767 cus.
768 1706 846 1785 quod
862 1723 921 1766 uon
937 1708 1001 1767 tim
1011 1716 1052 1769 et.

178 1887 288 1936 Auum.
313 1875 396 1935 Hauc
411 1874 469 1935 fide
492 1873 595 1935 famuli
609 1874 696 1934 turba
714 1875 783 1935 dum
805 1876 932 1935 excutiat
949 1875 1052 1947 deum,

136 1961 275 2030 retinete,
292 1977 330 2018 ue
346 1959 416 2038 quid
433 1961 571 2038 iupoteus
586 1967 692 2036 peccet
706 1960 800 2020 furor.

178 2045 215 2102 At
228 2051 258 2104 te
273 2052 357 2120 puter
372 2044 422 2123 qui
438 2062 526 2104 saeua
542 2050 664 2122 torques
679 2043 802 2103 fulmine

136 2126 280 2205 pellisque
296 2127 405 2197 nubes,
422 2128 518 2189 sidera
535 2134 565 2188 et
579 2135 675 2188 terras
690 2129 787 2205 regis,

137 2211 173 2272 ad
190 2230 278 2290 quem
293 2212 439 2290 triumphi
453 2211 547 2291 spolia
562 2213 691 2273 uictores
706 2212 822 2282 ierunt,

137 2302 166 2356 et
181 2302 211 2355 te
226 2314 361 2356 sororem
377 2303 482 2358 cuncta
498 2294 636 2374 pollentis
651 2297 708 2355 uiri

136 2379 266 2456 argolica
280 2379 353 2440 luno
369 2398 479 2457 pecore
494 2381 596 2440 uotiuo
612 2379 707 2439 libens

136 2463 326 2544 Arabumque
342 2464 426 2524 donis
442 2461 574 2542 supplice
591 2471 619 2524 et
633 2462 707 2523 fibra
725 2462 830 2523 colum.

202 2906 253 2955 830
265 2904 393 2968 heresum
405 2902 431 2952 E
442 2902 580 2953 Herceum
593 2902 618 2952 A
631 2902 789 2952 herculeum
803 2909 826 2966 ψ
838 2898 850 2968 ΙΙ
862 2904 910 2954 831
925 2908 953 2954 et
965 2906 1053 2955 delen·

135 2974 193 3022 dum
204 2978 291 3022 censet
304 2972 357 3022 GR.
376 2966 388 3036 ΙΙ
405 2972 454 3021 832
466 2971 522 3021 Vbi
532 2971 643 3021 Helene
656 2972 699 3020 est
711 2987 732 3020 ω
748 2970 783 3020 Η.
797 2970 846 3020 ubi
859 2975 902 3020 est
913 2970 1022 3023 BScIrm.
1038 2973 1051 3035 ΙΙ

134 3040 185 3090 834
202 3040 270 3088 mihi
288 3033 364 3089 mori
376 3043 418 3088 est
435 3038 460 3088 E
478 3053 550 3088 mors
562 3038 630 3087 mihi
643 3042 686 3088 est
699 3039 724 3087 A
737 3034 748 3104 Η
760 3039 810 3088 835
828 3038 1017 3103 ροτὶοιιΙωηψ
1038 3039 1051 3102 Η

134 3121 264 3171 magnum
276 3107 331 3156 tibi
343 3110 386 3157 est
398 3107 423 3155 A
443 3110 485 3156 est
497 3121 544 3156 om.
557 3105 583 3155 E
598 3102 610 3171 ΙΙ
630 3107 680 3155 842
700 3106 933 3169 eunetipcllentis
947 3107 1022 3159 NHs.
1035 3107 1049 3171 Η

132 3181 194 3238 poet
211 3191 236 3224 u.
249 3175 299 3225 844
317 3182 394 3225 totam
411 3190 529 3240 scaenam
546 3175 666 3223 interisse
683 3175 810 3237 suspicor.
833 3170 846 3240 11
