2536 4046
217 226 256 290 18
495 240 527 288 n.
544 238 677 286 numum
692 236 851 283 suuncio

213 399 268 441 nec
284 388 406 457 coeptus
421 396 560 456 umquam
577 377 663 437 cedat
678 395 713 437 ex
728 378 834 437 animis
851 375 864 434 s
868 394 973 445 uror,

213 466 265 526 sed
282 482 379 524 arma
397 463 465 524 ieiix
481 469 592 531 teneat,
609 461 709 523 infelix
724 468 825 538 paret:
1136 472 1159 513 r.
1169 473 1228 515 vn:

214 549 286 610 nihil
302 547 472 626 relinquent
487 546 572 606 belia.
602 556 665 606 tum
682 546 774 606 uastis
789 563 860 623 ager
1083 619 1088 628 ῃ

215 631 363 714 squalebit
378 633 467 700 arnis,
484 630 599 691 subdita
616 633 702 691 tectis
719 630 782 691 iace
1153 641 1208 691 370

214 718 290 779 altus
306 716 436 795 sepultas
452 715 559 779 obruet
574 724 677 790 gentes
693 717 776 774 cinis.

179 810 197 869 i'
257 802 365 862 Pacem
381 801 485 861 reduci
501 799 577 860 uelle
594 801 698 859 uictori
714 799 841 877 expedit,

213 888 292 947 uicto
308 904 431 946 necesse
448 892 500 944 est.
529 886 680 962 particeps
696 879 789 960 reg'uo
805 885 883 942 ueni.

214 973 362 1031 sociemur
379 971 492 1030 animis.
522 970 630 1046 pignus
646 969 703 1027 hnc
719 969 786 1028 fidei
803 987 885 1045 cape.

193 1066 196 1073 '
214 1057 351 1133 continge
367 1055 510 1114 dextram.
530 1087 566 1095 -
585 1053 655 1130 quid
672 1055 747 1113 truci
764 1053 846 1113 uultu
863 1049 949 1112 siles?
1152 1063 1207 1112 375

180 1149 199 1198 k
260 1152 342 1199 Mun.
366 1139 469 1214 Egone
489 1144 522 1197 ut
537 1138 706 1214 parentis
721 1141 865 1216 sanguine
879 1137 1052 1214 adspersam
1068 1156 1133 1198 ma-

827 1238 898 1281 num

126 1314 139 1425 s
212 1309 440 1385 fratrumque
457 1306 572 1390 gemina
590 1306 680 1366 caede
697 1307 884 1382 contingam?
907 1307 988 1385 prins

214 1395 365 1469 extinguet
381 1398 478 1461 ortus,
496 1386 608 1451 rederet
624 1409 745 1450 occasus
761 1392 848 1460 diem,

213 1497 268 1557 pax
287 1484 353 1537 ante
369 1477 425 1536 dda
442 1476 561 1536 niuibus
575 1483 606 1535 et
621 1475 746 1535 flammis
762 1477 819 1537 erit

214 1570 242 1632 et
258 1559 353 1639 Scylla
370 1558 494 1620 siculum
512 1562 612 1635 iunget
626 1561 773 1619 Ausoniae
789 1560 865 1619 latus

217 1641 228 1728 [
230 1649 380 1722 priusque
393 1647 488 1705 multo
503 1647 620 1706 uicibus
635 1648 763 1723 alternis,
770 1645 877 1719 fnpox

214 1731 349 1805 Europus
363 1731 448 1790 undu
462 1732 555 1790 stabit
569 1732 693 1793 euboico
704 1723 820 1812 pipam]

173 1812 201 1869 k'
256 1813 358 1874 Patria
374 1813 518 1874 abstulisti
534 1831 626 1890 regna
642 1831 800 1890 germanos
814 1813 905 1872 tarem

212 1905 336 1976 patrem.
367 1900 436 1976 quid
453 1898 529 1958 ultra
546 1899 607 1958 esti
630 1916 687 1958 una
704 1917 752 1958 res
767 1905 903 1976 superest
918 1899 990 1959 mihi

213 1982 331 2044 tratre
348 2001 386 2043 ac
403 1991 560 2063 parente
581 1983 679 2042 carior
694 2000 787 2058 regno
803 2001 837 2042 ac
852 1981 923 2052 lare,
1149 1990 1204 2040 385

213 2068 312 2128 odium
328 2068 371 2126 tui
387 2068 466 2145 quod
484 2085 548 2128 esse
564 2085 630 2127 cum
648 2065 758 2145 populo
775 2066 847 2126 mihi

213 2169 371 2213 commune
388 2150 483 2212 doleo.
513 2169 584 2230 pars
599 2159 686 2229 quota
704 2149 802 2235 exilio
820 2169 883 2212 mea
901 2151 962 2213 esti

180 2249 198 2298 k
255 2235 457 2297 Dominare
474 2236 611 2296 tumidus.
640 2236 760 2312 spiritus
776 2235 850 2295 altos
866 2254 946 2315 gere.

213 2323 347 2399 sequitur
362 2320 548 2400 superbos
565 2318 642 2381 ultor
657 2338 673 2379 a
690 2328 774 2396 tergo
790 2321 870 2380 deus,

212 2405 599 2482 Thebananouiregna.
632 2404 965 2484 quidmatresloquar
1148 2411 1201 2460 390

212 2508 314 2569 passas
330 2499 359 2549 et
376 2509 461 2551 ausas
477 2490 606 2558 scelera,
624 2490 710 2567 quid
734 2490 917 2568 geminum
936 2491 1017 2551 netas

212 2575 395 2652 mixtumque
412 2592 519 2634 nomeu
537 2576 669 2651 coniugis
684 2575 890 2650 gnatipatrisi
914 2638 917 2641 Α

174 2662 200 2720 k'
256 2656 350 2727 Quid
372 2656 456 2717 bina
475 2658 597 2717 fratrum
614 2667 725 2726 rastra,
743 2659 828 2738 quid
845 2658 965 2720 totidem
981 2659 1086 2736 rogos?

212 2742 291 2818 riget
306 2740 471 2818 superba
487 2740 618 2801 Tantalis
632 2740 713 2802 luctu
730 2748 837 2821 parens

280 2961 331 3011 383
348 2965 446 3011 unctus
469 2962 496 3010 V
518 2957 531 3026 ΙΙ
561 2962 610 3012 372
632 2960 738 3027 reduci)
757 2963 768 3012 i
785 2964 812 3011 in
829 2977 880 3011 ras.
900 2965 975 3012 trium
997 2963 1131 3012 literarum

210 3025 248 3078 E‘
267 3022 280 3094 Ι]
304 3030 354 3078 374
371 3030 509 3078 sociemur
520 3026 589 3078 E'V
603 3031 739 3080 sociemus
757 3028 822 3080 Am
839 3031 937 3080 animis
951 3029 1009 3078 uV
1023 3031 1131 3081 animos

210 3098 236 3146 Α
257 3091 269 3162 ΙΙ
291 3096 342 3146 378
360 3094 424 3146 dies
437 3112 456 3146 α
473 3092 485 3154 ΙΙ
507 3098 558 3147 380
577 3098 690 3147 ausonie
707 3098 733 3147 V
749 3099 863 3148 ausonio
882 3100 920 3150 εΑ
938 3093 951 3164 ΙΙ
971 3098 1020 3148 381
1039 3099 1128 3162 prius·

212 3178 292 3228 quam
315 3161 349 3212 12¹
374 3160 386 3230 ΙΙ
413 3163 532 3226 uicibus)
552 3168 598 3215 nie
615 3170 640 3214 in
658 3181 712 3218 rur.
730 3164 767 3215 E’
790 3162 802 3232 Η
825 3166 1088 3217 deleaiuu.38138‘2
1106 3162 1119 3232 Ι]

210 3234 260 3283 383
278 3235 385 3295 patrem
405 3246 429 3281 n.
443 3247 464 3284 r.
477 3248 503 3298 g.
516 3231 534 3281 l.
559 3233 714 3298 patriorum
731 3236 833 3298 patrie
851 3250 874 3284 a.
889 3250 909 3287 r.
924 3248 949 3297 g.
962 3232 981 3283 1.
1008 3237 1129 3298 petrem

210 3301 264 3351 acri
282 3301 306 3349 ri
332 3296 345 3365 11
374 3299 424 3351 386
443 3299 545 3363 carior)
564 3317 594 3352 or
611 3303 637 3351 in
655 3317 709 3354 ras.
729 3299 766 3350 E‘
795 3303 916 3352 certior
939 3296 1049 3368 Wntss
1078 3302 1129 3352 387

211 3368 244 3417 ni
278 3383 309 3419 eo
334 3367 412 3418 Wtu.
442 3363 455 3433 ΙΙ
488 3383 522 3418 ex
539 3368 589 3418 illo
608 3369 634 3418 E
661 3386 694 3421 ex
712 3370 766 3420 isto
784 3371 839 3434 Αφ
868 3372 933 3420 idem
949 3384 1082 3434 suprascr.
1102 3370 1129 3418 in

211 3435 237 3484 Ε
275 3430 287 3503 ΙΙ
320 3437 370 3487 383
394 3435 484 3486 uictor
501 3451 523 3485 ω
553 3437 633 3487 ultor
655 3438 764 3488 JBPr‘ue
786 3454 834 3503 ope
857 3439 951 3490 codicia
973 3433 1128 3500 (enimdom)

211 3503 326 3554 Medicei
347 3500 359 3570 ss
382 3504 434 3555 384
451 3504 575 3570 superbo
596 3505 668 3569 Grnt.
693 3503 706 3572 ΙΙ
