2544 4046
442 252 823 303 onumrnnncnnunvu
1027 241 1090 307 115

168 391 294 472 probate
310 393 402 462 lactis·
419 393 544 470 gloriam
560 412 594 453 ac
608 391 712 454 laudes
726 411 808 455 meas
1106 404 1157 458 335

167 485 306 556 superate
319 486 348 539 et
362 477 504 556 aliquid
520 478 648 545 tacite,
665 485 821 557 propter
836 479 929 557 quod
945 487 1087 558 patrem

167 563 266 623 adhuc
282 563 363 623 iuuet
377 563 495 625 uixisse.
524 562 636 623 facietis
651 564 728 622 scio:

166 648 210 707 sic
226 648 295 707 estis
310 649 376 708 orti.
402 646 516 708 scelere
531 647 654 725 defungi
669 647 741 707 baut
756 645 816 709 leui

165 730 238 793 baut
254 732 360 792 usitato
376 739 456 793 tanta
472 730 609 792 nobilitas
623 739 731 809 potest

133 825 153 876 b
180 837 183 843 ’
209 815 299 875 Ferte
314 834 406 877 arma.
430 815 544 877 lacibus
560 817 651 895 petite
666 814 834 893 penetrales
850 816 921 878 deos
1102 824 1153 879 340

166 899 342 979 frugemque
357 900 475 961 flamma
491 902 592 961 metite
607 898 715 961 natalis
730 899 794 962 soli.

165 986 287 1044 miscete
302 993 418 1054 cuncta,
435 986 530 1065 rapite
545 986 575 1044 in
591 986 712 1045 exitium
729 985 837 1045 omnia.

165 1069 293 1129 dissicite
308 1071 418 1147 passim
433 1072 565 1138 moenia,
581 1071 611 1129 in
627 1069 749 1148 planum
766 1069 841 1130 date.

163 1151 282 1231 templis
298 1152 370 1214 deos
385 1153 510 1223 obruite,
526 1152 687 1214 maculatos
702 1151 780 1215 lares

165 1236 302 1298 conflate.
330 1238 367 1298 ab
384 1239 443 1298 imo
459 1244 518 1298 tota
535 1237 669 1298 considat
684 1238 800 1299 domus.

122 1319 150 1380 b'
205 1321 283 1383 Vrbs
299 1330 516 1383 concremetur.
542 1324 658 1401 primus
673 1340 690 1382 a
705 1321 841 1382 thalamis
856 1323 929 1384 meis

162 1406 284 1484 incipiat
299 1408 382 1483 iguis.

161 1491 256 1551 Nunt.
415 1493 497 1552 mitte
512 1490 675 1551 uiolentum
691 1491 836 1569 impetum

162 1573 274 1634 doloris
288 1593 323 1635 ac
339 1583 367 1635 te
382 1575 500 1655 publica
517 1581 642 1637 exorent
656 1573 732 1635 mala

160 1664 323 1739 auctorque
338 1660 471 1737 placidae
484 1658 589 1721 liberis
603 1661 684 1736 pacis
700 1660 778 1720 ueni.

161 1754 279 1803 onmP.
303 1744 374 1820 quid
389 1762 436 1806 me
451 1745 600 1805 modestae
616 1744 854 1805 deditum‘menti
868 1762 969 1807 senem

160 1825 353 1907 placidaeque
369 1836 515 1890 amantem
532 1830 614 1907 pacis
629 1829 666 1888 ad
681 1834 780 1906 partes
796 1830 904 1890 uocasl

128 1918 146 1968 b
203 1911 310 1973 Tumet
325 1914 440 1973 animus
454 1916 509 1982 ira,
525 1913 622 1973 leruet
636 1914 788 1973 inmensus
804 1912 897 1974 dolor.

158 1997 314 2075 maiusque
329 2016 416 2077 quarn
433 1997 512 2077 quod
529 2016 614 2059 casus
630 2005 659 2058 et
672 1999 814 2058 iuuenum
829 1996 914 2058 suror

159 2088 284 2141 conatur
302 2081 410 2161 aliquid
427 2083 524 2160 cupio.
552 2100 612 2142 non
627 2083 698 2143 satis
713 2090 758 2143 est
772 2081 870 2143 adbuc

158 2164 246 2226 ciuile
262 2164 389 2227 bellum:
406 2167 497 2227 frater
512 2167 542 2226 in
558 2166 680 2227 lratrem
697 2176 772 2227 ruat.

69 2294 72 2298 ι
156 2267 214 2310 nec
229 2249 287 2310 boc
302 2252 391 2310 satis:
407 2249 486 2331 quod
502 2249 599 2320 debet,
616 2257 648 2311 ut
662 2251 712 2310 liat
726 2252 809 2311 nelas

158 2332 196 2394 de
211 2351 294 2397 more
308 2341 411 2395 nostro
427 2335 506 2415 qnod
524 2353 606 2395 meos
622 2335 725 2395 deceat
740 2341 836 2396 toros:

111 2413 144 2475 b'
201 2417 273 2480 llate
289 2436 371 2479 arma
385 2422 472 2497 patri.
489 2451 531 2462 -
545 2437 634 2479 nemo
648 2438 696 2479 me
713 2438 747 2479 ex
763 2419 809 2479 his
825 2425 909 2481 eruat

155 2500 255 2564 siluis:
272 2501 372 2564 latebo
388 2506 469 2581 rupis
485 2521 590 2564 exesae
606 2521 679 2564 cauo

154 2594 207 2647 aut
221 2604 291 2667 sepe
307 2587 397 2648 densa
413 2607 522 2668 corpus
537 2586 704 2648 abstrusum
722 2594 828 2666 tegam.

153 2670 226 2732 hinc
241 2672 413 2752 aucupabor
427 2672 519 2733 uerba
535 2673 665 2732 rumoris
680 2674 748 2750 uagi

154 2761 185 2815 et
201 2773 289 2817 saeua
304 2757 430 2818 fratrum
447 2756 523 2818 bella
540 2756 618 2835 quod
636 2773 756 2833 possum
772 2756 897 2817 audiam.

220 3059 272 3108 340
289 3059 441 3123 penetriles
460 3060 485 3109 E
512 3056 524 3125 11
553 3061 601 3111 341
624 3060 790 3125 frigiamque
809 3060 947 3110 flammam
965 3065 993 3112 el
1011 3065 1071 3113 ete-

148 3126 210 3175 rias
222 3124 274 3175 tali
287 3125 340 3177 soli
353 3127 378 3176 E
400 3128 562 3193 frugemque
581 3128 690 3177 flemme
708 3127 804 3176 metite
823 3128 927 3178 natalis
945 3129 998 3180 soli
1009 3131 1035 3180 A

147 3194 201 3245 342
219 3193 334 3244 miscete
352 3209 422 3245 corr.
440 3210 477 3245 eac
493 3196 610 3245 miscere
628 3193 662 3244 Ε1
684 3191 697 3261 ΙΙ
717 3195 830 3246 exilium
846 3196 870 3245 A
889 3198 1003 3247 exitium
1021 3211 1035 3249 ε

147 3261 201 3312 347
217 3260 300 3311 ANT.
319 3262 398 3312 mitte
418 3275 456 3313 εα
473 3263 556 3313 ANT.
570 3265 634 3313 ante
649 3262 741 3326 (ANT.
755 3266 789 3314 αἱ.
801 3270 826 3326 ψ
837 3262 934 3330 οηι.)ψ
951 3263 1066 3329 Nunci9.

148 3327 258 3378 arceld
291 3329 316 3379 N
323 3330 416 3381 VNT.
441 3331 521 3381 mitte
542 3331 638 3394 scripsi
664 3326 677 3396 ΙΙ
709 3333 760 3381 350
781 3330 861 3380 uides
883 3331 1026 3382 modestae
1045 3346 1067 3380 ω

146 3411 219 3446 corr.
238 3396 315 3446 NHo.
346 3393 359 3463 ss
386 3400 436 3448 352
454 3398 616 3448 immensum
634 3399 659 3447 A
683 3398 832 3449 immensus
849 3399 899 3449 litt
920 3394 933 3464 ΙΙ
954 3398 1005 3449 356
1022 3402 1068 3447 set

147 3466 193 3513 est
206 3463 231 3511 A
250 3465 320 3514 satis
340 3470 383 3514 est
394 3465 444 3516 En
461 3466 530 3517 satis
547 3468 642 3530 scripsi
659 3463 719 3529 (cnr
737 3464 851 3530 satiant)
873 3461 886 3531 {l
914 3466 963 3515 361
983 3479 1066 3514 aucu-

144 3529 237 3596 pabor
254 3546 324 3584 corr.
343 3548 379 3583 eac
396 3549 555 3600 aucupauor
572 3533 608 3583 ΕΙ

817 3616 863 3680 ge
