2544 4046
500 254 531 299 L.
549 251 680 300 Annam
695 251 853 301 SENECAE

414 391 508 454 Nullis
523 398 591 452 nula
608 391 771 463 Quiritibus

372 485 452 538 aetas
467 496 521 556 per
538 479 658 537 tacitum
674 477 755 536 lluat.

371 564 414 624 sic
429 580 496 623 cum
513 564 684 622 transierint
700 562 758 621 mei

370 646 452 708 nulla
469 665 535 708 cum
551 648 674 723 strepitu
691 646 762 715 dies,

372 732 506 813 plebeius
521 734 632 791 moriar
646 749 747 791 senex.
1159 749 1193 798 40

1194 749 1207 796 ll

186 910 296 984 gam)
415 900 461 962 llli
477 918 558 960 murs
570 866 673 977 'grauis
688 898 816 968 incubat,
1157 944 1160 951 »

373 986 423 1065 qui
439 993 548 1045 nutus
564 986 650 1044 nimis
666 982 816 1056 omuibus,
1253 948 1256 1127 Ι

372 1072 525 1146 ignatus
545 1072 674 1130 meritur
688 1069 753 1129 sibi.

254 1284 444 1334 THYESTES.
475 1284 668 1332 TANTALVS.
699 1284 915 1332 PLISTHENES
932 1284 1094 1332 ractrvs.

186 1438 204 1472 a
307 1409 410 1488 Optata
427 1409 541 1486 patriae
556 1413 632 1467 tecta
648 1413 677 1466 et
692 1406 835 1484 argolicas
850 1424 931 1486 opes,

219 1495 394 1571 miserisque
409 1510 558 1553 summum
574 1510 609 1552 ac
624 1492 784 1551 maximum
800 1491 935 1552 exulibus
950 1491 1072 1561 bunum,
1158 1505 1207 1555 400
1255 1526 1256 1529 ¹

219 1584 346 1638 tractum
363 1575 418 1636 suli
434 1575 538 1637 natalis
553 1584 583 1637 et
597 1577 709 1654 patrios
725 1575 797 1636 deos

221 1662 256 1742 (si
270 1668 339 1722 sunt
353 1669 452 1722 lamen
468 1661 506 1739 di)
524 1678 623 1730 cerno,
640 1658 799 1739 Cyclopum
815 1678 916 1723 sacras

218 1754 317 1807 turres
333 1745 435 1806 labere
451 1747 546 1806 maius
561 1745 692 1806 humano
709 1745 808 1814 decus,

222 1830 371 1893 celebrata
387 1832 487 1891 iuueni
503 1830 595 1910 stadia
611 1849 666 1909 per
681 1849 757 1908 quae
772 1829 879 1890 nubilis

221 1916 349 1996 palmam
365 1924 490 1994 paterno
505 1932 565 1976 nun
581 1913 673 1976 semel
689 1933 779 1975 curru
796 1913 858 1975 tuli.
1159 1928 1206 1976 410

191 2004 209 2053 b
269 2001 415 2062 Occurrel
429 2002 538 2079 Argus,
555 2000 683 2076 populus
699 2008 837 2060 occurret
850 2000 1000 2079 frequens,
1211 2008 1215 2019 '

219 2085 271 2146 sed
287 2102 395 2164 nempe
413 2092 441 2145 et
455 2086 571 2146 Atreus.
596 2092 698 2163 repete
716 2083 869 2145 siluestres
885 2085 969 2163 sugas

219 2169 370 2247 saltusque
386 2169 493 2230 densos
508 2170 604 2247 patius
621 2179 649 2229 et
664 2171 785 2228 mittam
803 2168 875 2229 ieris

219 2254 406 2333 similemque
422 2256 523 2335 uitam.
551 2253 649 2314 clarus
665 2253 712 2313 iric
727 2254 812 2330 regni
829 2253 908 2313 nitur

220 2339 336 2418 lulgore
350 2358 411 2400 nan
426 2349 470 2401 est
485 2338 564 2419 quad
581 2336 683 2398 oeulos
699 2338 771 2398 salse
788 2339 912 2399 aulerat.
1156 2348 1205 2397 410

221 2422 301 2509 [cum
316 2428 399 2501 qaod
411 2428 505 2486 datar
518 2425 677 2502 spectabis,
695 2429 725 2483 ct
738 2426 861 2484 dantem
877 2416 1014 2504 adspice]

185 2525 201 2559 0
261 2509 347 2568 Mada
364 2511 439 2570 inter
455 2509 503 2569 illa
520 2527 595 2588 quae
611 2516 716 2586 putant
728 2509 830 2575 ¹cuncti
846 2525 952 2587 aspera

219 2593 303 2652 fartis
319 2593 360 2652 iui
375 2591 542 2671 laetusque,
560 2610 640 2653 nunc
656 2600 759 2652 cantra
776 2593 806 2651 in
823 2601 918 2653 metus

219 2675 376 2745 reueluor‚
393 2679 535 2737 animus
551 2677 683 2737 haeret
703 2694 738 2736 ae
753 2684 834 2736 retro
850 2679 931 2753 cupit

219 2778 328 2839 corpus
342 2761 467 2830 referre,
482 2779 589 2821 moneo
605 2762 757 2823 nolentem
774 2761 908 2839 gradum.
1156 2768 1205 2819 420

219 2859 322 2906 ΤΑΝΤ.
347 2846 431 2922 pigro
449 2844 528 2924 (qnid
544 2845 601 2905 hac
617 2848 691 2925 esti)
709 2847 824 2924 genitur
839 2847 956 2907 incessu
973 2852 1073 2923 stupet

287 3051 337 3100 396
361 3053 485 3112 notaque
510 3049 648 3099 coetibus
672 3051 703 3098 ct.
723 3048 868 3099 LMuelter
899 3046 912 3116 ΙΙ
944 3051 1001 3100 401.
1020 3050 1071 3098 402
1100 3050 1140 3099 in·

218 3132 296 3167 uerae
313 3118 404 3167 ordine
422 3120 538 3181 affantur
555 3121 582 3165 tn
599 3116 632 3173 Ε,
651 3132 719 3166 carr.
738 3120 754 3166 2
772 3118 814 3166 uel
832 3120 849 3167 3
866 3133 897 3166 m.
922 3120 1016 3167 litteris
1039 3119 1142 3167 caer-i·

218 3187 280 3250 ptis.
315 3181 336 3302 Q
361 3185 506 3247 Thyestes.
529 3183 708 3247 Phylistenes
726 3185 751 3233 A
782 3184 980 3235 THYESTES.
1005 3184 1142 3235 TANTA-

219 3251 296 3303 uva
339 3250 551 3303 mansurus.
569 3251 734 3302 aturrus.
752 3252 777 3302 a
800 3250 813 3319 ιι
835 3254 885 3303 ma
903 3258 1010 3302 tactum
1022 3252 1063 3303 Αε
1081 3256 1142 3302 4η-

220 3325 294 3371 ctum
313 3319 363 3372 Ba.
394 3317 406 3387 ΙΙ
434 3321 484 3369 412
506 3322 658 3384 subnempe
676 3319 702 3368 E
729 3326 838 3385 repetet
856 3320 881 3370 E
901 3324 926 3381 lt
945 3323 994 3370 del.
1014 3323 1032 3369 3
1049 3320 1093 3381 m.)
1116 3315 1130 3387 [l

219 3391 268 3440 410
287 3390 370 3453 quial
389 3388 459 3453 quod
471 3387 517 3439 Ea
535 3404 634 3439 uersum
646 3404 693 3440 om.
705 3405 747 3440 aa.
760 3404 796 3443 ec
807 3390 884 3450 Part,
901 3404 919 3453 9
940 3383 954 3454 ΙΙ
981 3389 1032 3438 410
1050 3396 1140 3452 quau

220 3456 285 3519 quid
304 3457 346 3507 ali
373 3455 483 3521 quodlt'
499 3473 599 3507 acreum
611 3457 660 3507 dcl.
674 3457 738 3510 R.P.
761 3452 773 3522 ll
797 3458 846 3507 421
866 3455 933 3520 Phy.
948 3456 974 3507 Α
992 3455 1101 3507 Tatta.
1114 3455 1141 3505 tt
1253 3476 1254 3521 r

220 3522 269 3587 (sic
279 3539 330 3588 per
341 3530 419 3576 totam
430 3524 558 3590 scaenam)
581 3521 594 3592 ΙΙ
1253 3540 1254 3595 t
