2484 4044
200 192 265 256 408
600 204 741 251 inesarr

202 348 232 406 in
248 345 314 406 luce
331 346 455 404 miseros
470 345 546 404 uita:
570 345 718 404 cariturae
734 344 862 405 Hercule

203 431 253 490 lux
269 429 334 489 nilis
351 431 403 488 ista
421 435 474 488 est.
505 430 619 505 exigam
635 447 746 506 poenas
761 428 813 488 tibi

202 515 383 592 reddamque
400 515 500 573 uitam.
532 513 589 573 lata
605 530 642 573 an
659 514 786 574 extendo
802 532 866 574 mea

203 609 389 677 mortemque
405 600 534 657 coniunx
550 598 587 657 ad
604 604 667 658 tuas
683 616 771 658 seruo
788 600 910 659 manus?

203 686 336 745 uirtusne
352 690 489 760 superest
505 681 599 760 aliqua
617 690 645 743 et
661 690 790 743 armatae
805 701 910 743 manus

203 769 356 829 intendere
372 787 473 828 areum
490 766 547 826 tela
563 768 722 828 missurum
739 766 840 828 ualent

203 872 239 915 an
256 871 337 913 arma
354 859 470 912 cessant
485 859 573 929 teque
589 851 740 929 languenti
756 871 846 912 manu

203 957 261 997 non
278 937 359 998 audit
374 937 479 997 arcus?
502 939 527 997 si
543 945 628 1015 potes
644 936 734 996 letum
752 937 823 996 dare

189 1025 333 1083 'animose
349 1024 492 1089 coniunx,
510 1022 661 1081 dexteram
679 1030 802 1098 expecto
820 1026 933 1080 tuam:'

202 1126 283 1167 mors
300 1106 461 1165 differatur.
493 1105 596 1183 irange
612 1113 644 1166 ut
659 1102 807 1182 insontem
823 1106 948 1172 Lichan,

201 1190 273 1251 alias
289 1191 318 1250 in
333 1190 424 1250 urbes
440 1208 546 1267 sparge
562 1198 591 1250 et
606 1191 737 1267 ignotum
756 1189 808 1248 tibi

201 1276 315 1335 inmitte
332 1277 361 1335 in
378 1275 491 1335 orbem.
523 1275 615 1353 perde
632 1283 663 1334 ut
678 1275 819 1334 Arcadiae
836 1276 917 1334 nolas

202 1369 231 1421 et
248 1360 385 1439 quicquid
403 1358 480 1420 aliud
498 1361 594 1420 cessit.
627 1379 641 1418 a
659 1358 742 1418 bellis
759 1366 857 1420 tamen

154 1443 157 1447 ’
202 1441 330 1504 coniunx
345 1444 458 1504 redisti.

202 1543 283 1588 nun.
512 1546 600 1605 parce
616 1529 672 1587 iam
689 1534 783 1588 mater
799 1545 914 1605 precor.

201 1616 320 1690 ignosce
337 1614 412 1673 latis.
445 1631 530 1672 error
546 1632 561 1673 a
579 1611 665 1689 culpa
682 1621 775 1672 uacat.

200 1710 320 1756 Duram
338 1699 361 1757 si
377 1715 448 1758 uera
464 1698 555 1775 pietas
571 1696 654 1775 Hylle
671 1697 838 1775 quaerenda
856 1706 899 1756 est
916 1697 982 1757 lint:

200 1784 258 1842 iarn
277 1783 388 1859 perime
404 1790 539 1842 matrem.
573 1782 683 1858 trepida
701 1782 770 1860 quid
787 1784 884 1841 renuit
900 1775 1025 1842 manns?

201 1867 269 1943 quid
287 1885 338 1926 ora
355 1866 468 1927 flectis?
491 1867 564 1925 haee
581 1868 636 1924 erit
651 1867 744 1943 pietas
760 1865 875 1926 scelus?

199 1954 307 2028 ignaue
323 1950 456 2011 dubitas?
482 1949 638 2010 Herculem
657 1952 750 2027 eripui
768 1950 845 2018 ribi„

267 2203 317 2254 973
336 2205 475 2253 cariturae
495 2211 533 2266 εψ
553 2207 679 2252 caritura
699 2221 716 2252 oc
740 2200 751 2268 ll
775 2206 825 2253 974
843 2205 904 2253 Lux
922 2204 972 2254 illa
990 2206 1075 2255 sistat
1094 2210 1125 2258 E

198 2271 260 2320 Lux
282 2272 347 2321 uilis
370 2272 425 2321 ista
449 2275 492 2321 est
511 2272 535 2319 A
568 2271 623 2333 (est
639 2287 686 2320 om,
705 2272 777 2334 B-IO)
807 2273 869 2321 Lux
887 2273 943 2322 ista
967 2275 1056 2323 satis
1075 2282 1124 2325 est

197 2342 239 2389 uel
261 2339 293 2389 L.
319 2340 336 2389 i.
362 2343 483 2399 restat*
499 2354 585 2403 quae
609 2341 709 2402 exigat
734 2340 811 2394 Gran.
842 2340 902 2389 Lux
924 2341 981 2390 ista
1003 2343 1044 2390 sit
1067 2350 1125 2392 sat

197 2407 295 2457 [Gran.
319 2404 331 2473 ΙΙ
356 2409 451 2473 exigat
468 2407 493 2455 E
513 2408 622 2471 exigam
640 2408 665 2456 A
686 2404 698 2473 ss
718 2406 773 2456 sibi
790 2407 815 2456 E
833 2408 887 2457 tibi
904 2410 928 2457 A
953 2405 964 2473 ΙΙ
987 2411 1037 2459 975
1056 2411 1127 2460 fata

199 2490 234 2523 an
252 2475 277 2523 E
295 2475 393 2524 satane
412 2476 438 2525 A
455 2470 466 2540 ll
485 2468 603 2524 extend'o
623 2476 672 2534 Eo
692 2475 849 2524 extendam
869 2491 887 2524 α
903 2471 914 2541 ΙΙ
931 2479 980 2527 976
999 2477 1034 2526 ad
1053 2482 1122 2527 tuas

197 2543 246 2592 En
268 2544 296 2591 in
315 2548 377 2592 tues
396 2544 420 2591 A
443 2538 455 2608 ll
477 2558 556 2592 seruo
580 2543 628 2592 En
650 2544 769 2592 Delriani
787 2544 904 2608 plerique
928 2560 1036 2594 seruam
1054 2545 1080 2595 A
1104 2545 1121 2607 Η

197 2610 246 2660 977
266 2615 294 2658 et
311 2616 419 2659 armate
436 2626 534 2659 manus
553 2611 578 2659 Ε
589 2611 629 2659 aa
639 2624 657 2674 9
677 2611 840 2660 Germanicus
862 2615 890 2660 et
909 2615 1038 2661 armatae
1058 2629 1120 2662 ma-

197 2692 248 2725 nns
313 2677 410 2726 ualent
428 2679 535 2742 Lipsiae
553 2678 710 2728 Sarmatica
729 2682 757 2728 et
774 2693 872 2727 manus
891 2679 915 2727 A
928 2675 1011 2743 lipari
1028 2697 1051 2729 u.
1065 2683 1121 2731 977

197 2746 350 2808 interposita
371 2751 430 2793 erant
452 2746 530 2795 haec:
561 2745 615 2795 Seu
639 2745 710 2809 (Sed
733 2745 771 2811 n)
801 2745 861 2795 dira
885 2761 961 2796 soror
989 2751 1032 2797 est
1055 2745 1124 2810 (est

198 2827 274 2860 soror
287 2811 318 2874 n)
340 2811 409 2878 adde
428 2828 471 2862 me
491 2814 616 2863 comitem
635 2815 690 2862 tuis
711 2813 834 2876 1191110
848 2815 932 2864 Geta.
947 2817 983 2864 ad
993 2832 1016 2864 u.
1029 2817 1080 2865 955
1100 2818 1118 2875 ΙΙ

197 2880 246 2929 978
265 2880 410 2929 missurum
423 2881 448 2928 A
468 2881 642 2931 misserorum
661 2881 686 2930 Ε
697 2898 714 2945 9
734 2877 746 2947 ΙΙ
766 2881 863 2930 ualent
881 2895 894 2931 ε
905 2884 940 2945 91
958 2881 1036 2932 ualet
1054 2883 1079 2931 A
1099 2886 1116 2945 Η

197 2950 246 2998 979
265 2947 307 2997 An
326 2963 403 2997 arma
422 2949 524 2999 erun
536 2953 568 3001 al.
581 2951 647 2998 Pali.
675 2950 742 2998 Nun
761 2964 837 2997 arma
856 2965 875 2999 oc
896 2950 967 2999 Num
987 2957 1010 3014 ψ
1033 2950 1117 2999 Nunc

138 3038 141 3044 Δ
195 3016 262 3064 Poll.
287 3012 298 3081 ΙΙ
322 3019 372 3067 989
390 3016 450 3066 Non
470 3017 548 3065 audit
566 3017 721 3079 edEIirt?
744 3018 811 3067 Nun
830 3016 909 3065 audit
928 3034 946 3067 α
967 3017 1037 3066 Num
1054 3026 1079 3081 ψ
1099 3019 1115 3077 ΙΙ

198 3099 263 3131 arcu
283 3084 306 3133 si
326 3085 350 3132 Ε
373 3080 384 3150 Η
408 3092 487 3148 potes
507 3085 673 3147 eIiLt'psior
685 3082 766 3148 (11131)
790 3090 883 3148 potest
902 3087 926 3134 A
950 3081 962 3151 [l
985 3086 1070 3152 lotum
1089 3085 1120 3133 Ε

196 3150 280 3199 letum
300 3151 322 3200 n
333 3154 368 3215 9?
381 3152 457 3202 IPal.
478 3152 564 3201 telum
582 3152 608 3201 A
620 3148 632 3217 ΙΙ
644 3153 691 3201 981
712 3153 840 3201 Animose
859 3153 1018 3216 cRLt'pez'ue
1032 3150 1119 3217 (11137)

196 3218 328 3268 Animosa
346 3220 371 3267 A
389 3216 641 3284 ll9841nmitteE
660 3220 759 3269 Emitte
779 3221 803 3269 A
821 3215 833 3286 ΙΙ
854 3222 904 3271 985
923 3222 1009 3270 cessit
1028 3220 1052 3268 Ε
1071 3237 1115 3269 re-

196 3287 269 3336 stitit
282 3286 307 3336 A
320 3282 331 3354 ll
345 3286 378 3336 ab
397 3288 453 3337 illis
466 3304 487 3337 ω
507 3291 539 3335 et
558 3287 591 3336 ab
611 3286 670 3336 illis
690 3287 768 3337 Gran.
789 3304 805 3336 a
823 3288 914 3337 bellis
933 3288 983 3341 Bo.
1005 3304 1021 3338 a
1040 3288 1116 3337 bel-

195 3356 242 3404 uis
265 3356 321 3419 ipse
344 3358 510 3406 contererem.
540 3350 552 3419 l}
582 3355 631 3403 986
653 3355 716 3404 haec
735 3355 814 3405 uerba
836 3371 921 3420 parce
946 3357 1000 3405 iam
1023 3360 1119 3406 mater

195 3437 293 3484 precor
311 3426 403 3473 derunt
422 3423 445 3470 Ε
457 3420 468 3485 ll
480 3423 529 3470 989
549 3421 658 3485 trepida
676 3423 701 3471 E
720 3424 822 3485 pauida
841 3423 865 3470 A
878 3418 891 3489 ss
902 3428 995 3473 renuit
1014 3424 1039 3472 Ε
1057 3428 1116 3474 tre-

194 3490 264 3536 mun
282 3490 306 3537 A
330 3486 342 3552 Π
365 3491 415 3538 990
433 3489 503 3536 haee
523 3488 547 3536 Ε
566 3488 617 3537 hoc
636 3489 660 3536 A
685 3487 697 3554 ΙΙ
719 3492 766 3539 991
788 3491 891 3554 eripuit
909 3490 960 3538 tibi
979 3491 1004 3538 Ε
1027 3487 1039 3555 ll
