2536 4046
468 199 668 250 PRAEFATIO

126 349 196 407 cum
208 369 274 405 usus
288 369 350 405 eras
361 355 539 418 humerisque
552 356 607 406 fuis

163 422 235 472 felia
246 437 265 486 p
279 423 376 473 cinnes
388 426 480 473 tecum
493 424 594 476 cecidit
606 425 714 476 somnus
727 424 819 491 quelle

125 486 276 541 Hcectoris
287 490 361 541 idem
372 491 464 558 patrie
476 492 523 556 qui
534 492 590 542 fuit
601 492 703 543 uestite

163 558 269 624 priamo
281 562 391 609 uestros
403 558 511 609 fundite
523 561 604 611 fletus
617 560 686 610 satis

127 653 267 724 Ghoaccip
281 664 357 712 ester
368 658 476 728 phrigie
488 637 597 727 planctus

163 728 261 793 accipe
273 729 355 779 fletus
367 729 411 780 bis
424 733 507 793 cepte
519 744 606 779 senex

125 790 180 912 llil1
181 797 267 914 33ἑῖ
270 794 401 927 Σεέἓέοῐο
414 811 478 863 rege
492 795 557 847 tulit
569 795 613 848 bis
626 795 732 862 pulsari
744 797 816 849 uidit

126 960 246 1014 loenef
254 965 329 1015 ferro
340 964 439 1029 bisque
451 964 596 1030 pharetras
609 980 693 1031 passa
704 941 838 1018 hicelam

161 1036 241 1097 porte
253 1031 327 1084 letos
338 1032 453 1098 haecube
464 1038 559 1098 pertus
571 1049 601 1084 re
615 1071 621 1084 .
637 1072 642 1084 .
659 1073 665 1085 .
681 1072 687 1085 .
700 1032 722 1099 ⁴)

126 1095 274 1151 Postrema
286 1104 365 1166 peter
377 1101 477 1151 funera
490 1100 578 1152 cludis
592 1139 773 1154 .........

164 1167 356 1233 coelfussiguee
369 1168 470 1233 premis
483 1168 569 1220 litter
582 1184 599 1218 a
611 1168 632 1233 ⁵)
648 1207 764 1221 ......

126 1230 209 1285 llaec
224 1235 280 1286 elic
294 1236 424 1286 lacrimas
435 1236 540 1288 flectite
553 1234 617 1287 mae
629 1252 684 1288 non
698 1241 768 1304 estp
783 1275 789 1289 .
805 1274 811 1288 .
828 1274 833 1288 .
849 1275 856 1290 .

164 1302 322 1353 miserenda
334 1319 377 1354 me
389 1319 462 1355 mers
475 1303 574 1355 iliades
584 1304 654 1354 'felix
666 1305 765 1369 priami

128 1365 223 1420 Dicite
237 1375 337 1422 cuncte
350 1371 422 1422 liber
434 1387 530 1422 menes
542 1371 621 1421 uadit
634 1371 751 1422 adimes

165 1436 223 1488 Nec
234 1438 308 1489 feret
318 1454 448 1503 umquem
459 1439 537 1490 uicta
549 1453 664 1505 granum
679 1439 790 1490 ceruice
802 1439 869 1504 iugis

128 1499 191 1555 Non
202 1505 249 1555 ille
261 1505 329 1558 duos
341 1507 418 1558 uidet
428 1506 536 1557 triades
548 1521 601 1557 nec
614 1506 745 1558 fallacem

164 1574 252 1623 cernit
264 1573 358 1624 ulixen
370 1590 426 1625 nen
438 1574 557 1642 argolici
567 1574 621 1640 fide
634 1575 765 1641 triumphi

127 1635 264 1693 Subiecta
276 1641 350 1692 feret
362 1641 434 1694 colla
446 1643 552 1708 tropeis
563 1658 618 1694 non
631 1642 668 1692 ad
680 1646 792 1708 sceptra

162 1757 262 1793 manus
275 1745 471 1810 pclergadabit
483 1760 564 1811 egem
576 1719 717 1796 mennonios
730 1759 815 1795 aurea

165 1808 264 1860 dextre
276 1811 388 1861 uincula
401 1812 467 1863 latis
479 1812 527 1864 fiet
539 1828 637 1879 pompe
650 1813 766 1863 micenis

126 1873 258 1931 (lhofelix
270 1880 393 1945 priamus
406 1879 521 1931 dicimus
534 1896 628 1946 omnes
640 1895 734 1930 secum
748 1878 885 1931 excedens

164 1960 215 1996 sua
228 1962 315 2012 regna
327 1946 392 1996 tulit
405 1962 478 1998 nunc
491 1952 520 1999 et
534 1947 660 2012 lysumen
672 1947 746 1998 horis
760 1947 827 1998 tutis

165 2017 240 2064 errat
252 2015 282 2064 in
294 2016 398 2064 umbris
411 2013 510 2080 inique
526 2016 587 2080 pies
600 2016 668 2067 felix
682 2016 789 2066 enimes
803 2015 854 2082 hec

165 2083 321 2163 forequeril
334 2082 403 2163 felix
415 2082 537 2148 priamus
551 2083 620 2134 felix
633 2083 760 2201 (Ῑηίεῆῃὶε
772 2082 846 2135 bello

163 2165 285 2202 monens
297 2165 389 2201 omme
401 2165 493 2201 secum
506 2156 709 2217 consumptam
721 2154 755 2202 il.

289 2283 379 2319 Hm.
392 2283 498 2321 'I'BXTUE
510 2285 547 2320 EX
559 2285 722 2320 ‘russonum
734 2285 854 2320 mmmmm.

129 2366 269 2425 chonulla
281 2370 325 2421 uis
337 2370 414 2421 fleme
428 2372 527 2422 tumidi
541 2372 634 2421 euenti
646 2375 727 2421 tanta

164 2442 250 2489 necte
262 2438 331 2488 lima
343 2438 448 2490 uendct
460 2443 566 2504 quanta
580 2440 614 2489 cil
625 2439 707 2489 ciunx
720 2436 834 2488 uiduata

167 2506 246 2556 ardet
259 2509 287 2556 et
300 2505 358 2556 odil
370 2521 425 2557 non
438 2506 487 2556 ubi
498 2507 630 2558 hibernos
643 2505 786 2557 nubilosus
798 2505 901 2556 imbres

128 2571 234 2626 Auster
245 2574 325 2624 duxit
336 2579 456 2640 pperets
468 2574 555 2626 hister
568 2578 597 2625 et
611 2578 725 2626 cunctos
737 2573 828 2624 uitale

165 2656 293 2707 ccuagus
307 2646 368 2693 eret
380 2658 435 2694 non
446 2643 495 2692 ubi
508 2641 589 2709 pullit
601 2644 720 2694 rodanus
732 2641 866 2705 pfundum

473 2710 520 2762 fol.
532 2711 566 2760 58
578 2715 662 2765 recto.

167 2780 217 2826 cui
228 2776 278 2826 ubi
289 2777 319 2827 in
330 2778 405 2829 riuos
418 2778 528 2830 niuibus
541 2777 638 2829 solutis
651 2776 766 2830 soleiam
779 2775 878 2840 furtel)

163 2844 309 2923 medioque
322 2860 388 2896 uere
592 2847 681 2896 tabuit
693 2846 803 2897 themis.

128 2907 237 2966 Caecus
250 2928 290 2963 ·e·
304 2914 378 2978 ignis
390 2913 547 2965 stimulatus
559 2916 602 2964 irc
614 2929 666 2964 nec
678 2914 738 2980 regi
751 2914 824 2965 iuret

163 2981 272 3046 petitur
283 2979 414 3032 uefrenos
428 2987 476 3032 cut
488 2983 567 3033 fimet
579 2987 695 3032 mortem
708 2982 801 3048 cupit
810 2979 832 3042 ἵ)

163 3048 205 3098 ire
217 3050 247 3097 in
259 3048 336 3113 ipses
350 3048 401 3099 cho
414 3049 512 3100 obuius
525 3065 615 3102 enses.
649 3065 687 3100 xx
704 3065 817 3100 nomm
831 3040 881 3099 's'sss

126 3112 226 3168 Effusa
238 3116 366 3168 redimite
380 3132 513 3169 commem
526 3123 642 3168 natante
656 3118 777 3169 cerimbo

162 3183 305 3234 mollisnis
319 3185 360 3236 eis
373 3189 497 3237 armatus
509 3185 626 3237 brachia

162 3370 190 3434 4)
214 3377 332 3421 ectr-ema
353 3373 440 3423 lerum
464 3388 505 3426 uu.
524 3373 603 3422 uerba
623 3371 755 3438 absumpta
772 3373 845 3436 piceo
867 3373 975 3437 sanquine

91 3437 218 3557 {Mamm
236 3454 253 3489 a
270 3441 378 3494 incerta.
449 3439 475 3505 6)
493 3455 561 3492 corr.
580 3456 615 3491 ecc
633 3440 699 3491 forti
767 3437 792 3504 7)
808 3440 987 3505 cupitinras.
1000 3452 1043 3488 ea·
