2484 4044
366 221 548 270 nuncnune
566 208 757 290 [onnnnvs]
954 206 1016 270 441

99 362 237 441 stetitque
254 370 323 422 nato
339 379 433 440 paene
448 364 505 423 iam
521 361 627 422 similis
641 379 759 441 percus.

98 459 205 508 >onom
223 445 357 507 nullasne
372 450 403 506 in
418 454 496 507 estre
512 447 592 506 misit
606 446 643 507 ad
659 463 786 524 superos
801 462 906 523 preces

101 548 225 593 orsurus
240 533 336 592 autin
351 538 420 592 uoto
435 532 568 611 respexit
582 531 703 591 louemi

100 629 195 676 Pfltn.
212 616 302 677 iacuit
315 618 362 678 sui
377 633 501 677 securus
517 622 546 676 et
561 614 675 676 caelum
692 616 810 676 intuens

102 701 248 779 quaesiuit
263 699 374 770 oculis,
390 718 460 762 erce
476 718 514 761 en
530 718 565 760 ex
581 699 678 779 alique
693 705 778 779 peter

101 786 269 864 despiceret
283 784 376 847 illum.
407 793 469 846 tum
486 803 593 846 monus
607 784 731 846 tendens
746 785 800 845 eit:

101 874 306 949 ‘quecumque
321 878 407 949 parte
422 870 569 949 prospicis
585 877 685 930 uatum
700 878 799 947 poter,

101 963 130 1015 te
147 963 177 1015 te
192 972 302 1034 precor
317 972 405 1033 quem
421 961 509 1015 nome
525 956 670 1015 conmisso
688 955 751 1015 dies

101 1040 248 1118 quaesiuit
262 1056 356 1107 unus,
372 1040 397 1100 si
413 1057 494 1103 meus
508 1038 611 1100 leudes
626 1039 705 1099 canit

102 1133 263 1202 utrumque
278 1123 391 1184 Phoebi
405 1123 476 1185 litus
492 1131 521 1185 et
537 1123 674 1203 Scythiae
689 1140 783 1202 getius

103 1216 133 1269 et
148 1209 244 1269 omnis
259 1208 368 1269 ardens
384 1227 436 1269 ora
453 1227 540 1288 quam
558 1215 653 1268 torret
668 1208 746 1276 dies,

104 1294 130 1352 si
144 1310 218 1370 pace
233 1291 321 1353 tellus
337 1291 439 1370 plene,
455 1295 480 1353 si
496 1291 594 1353 nullae
610 1300 732 1369 gemunt

104 1376 195 1437 urbes
211 1394 266 1437 nec
283 1395 350 1437 eras
364 1378 461 1454 inpias
476 1378 632 1456 qnisquam
649 1377 797 1455 inquinat,

103 1461 127 1520 si
145 1460 259 1522 scelere
275 1461 398 1522 desunt:
422 1463 557 1539 spiritum
574 1460 694 1522 admitte
710 1460 790 1521 hunc
805 1477 915 1539 precor

54 1560 64 1574 ·
103 1547 131 1606 in
149 1553 236 1608 estre.
270 1563 328 1605 non
344 1564 392 1606 me
407 1548 512 1605 mortis
527 1545 661 1606 internae
677 1544 761 1606 locus

103 1648 160 1691 nec
175 1637 287 1690 maesto
303 1631 380 1708 nigri
395 1648 487 1708 regne
504 1637 676 1690 conterrent
690 1630 784 1699 louis,

103 1715 155 1776 sed
173 1715 217 1775 ire
233 1714 270 1775 ad
288 1712 353 1774 illos
367 1714 473 1776 umbro
490 1733 565 1792 quos
580 1715 639 1774 uici
655 1714 727 1774 deos

102 1806 188 1878 pater
204 1799 360 1859 erubesco.
392 1779 471 1860 niobe
488 1799 617 1859 discusso
634 1798 713 1859 diem

102 1885 216 1963 pende,
233 1890 265 1943 ut
281 1883 405 1945 deorum
421 1882 520 1945 uoltus
535 1884 689 1944 ardentem
706 1883 862 1945 Herculem

103 1975 226 2047 spectet.
257 1967 327 2030 licet
340 1975 372 2029 tu
388 1969 487 2030 sidere
502 1968 691 2030 otmundum
707 1986 815 2046 neges,

103 2051 182 2112 ultro
198 2061 298 2131 peter:
316 2071 433 2131 cogere.
464 2054 490 2113 si
506 2071 596 2114 uoces
612 2051 698 2113 dolor

104 2135 258 2198 abstulerit
273 2136 363 2199 ullas:
385 2137 483 2217 pande
499 2146 561 2199 tum
578 2139 688 2218 stygios
703 2136 784 2198 lacus

102 2250 307 2265 ——d-

173 2307 241 2356 1694
259 2303 344 2356 Stetit
363 2305 422 2368 (om.
442 2303 506 2372 qne)
526 2322 545 2356 α
562 2322 615 2357 err.
634 2312 689 2372 tpp.
711 2302 724 2370 ΙΙ
749 2307 815 2357 1696
838 2305 874 2357 ed
891 2321 951 2372 sup.
970 2308 1022 2357 εΑ

104 2378 154 2422 eut
171 2388 230 2438 sup.
249 2379 273 2437 ψ
291 2372 327 2437 (tt
337 2374 366 2438 p)
383 2370 395 2439 ΙΙ
412 2375 478 2425 1696
495 2374 614 2425 Arsurns
632 2390 679 2425 om.
698 2375 724 2424 Ε
739 2371 751 2441 11
769 2376 835 2426 1700
857 2376 1023 2425 ἀεείάεναιιιν

106 2435 159 2506 ΕΗ
177 2442 241 2491 1701
261 2441 301 2491 Te
320 2445 349 2491 te
367 2445 448 2508 peter
466 2442 491 2491 Ε
512 2443 570 2493 Iste
589 2446 632 2491 est
649 2447 730 2506 pater
747 2443 773 2493 A
796 2443 836 2492 Te
855 2446 883 2491 te
902 2457 1023 2507 precor

103 2510 145 2558 uei
161 2509 202 2557 Te
221 2508 385 2573 deprecor
404 2505 483 2575 01611
501 2512 567 2561 1702
586 2509 664 2559 canis
682 2510 708 2559 Ε
727 2511 804 2561 canit
822 2511 848 2561 A
864 2505 877 2576 ΙΙ
894 2511 959 2560 1703
978 2510 1022 2559 ab·

103 2583 142 2627 eet
160 2572 303 2642 liniatus
321 2577 345 2626 R
361 2573 374 2643 ΙΙ
390 2576 511 2641 Scythae
531 2594 550 2628 ot
567 2593 619 2629 err.
638 2583 692 2642 typ.
705 2574 717 2645 ss
734 2579 799 2629 1704
818 2592 913 2627 emens
932 2592 978 2628 ore
998 2577 1023 2626 Ε
1117 2574 1119 2578 ’

104 2643 205 2694 ardens
218 2659 268 2694 orn
280 2646 305 2695 A
316 2642 330 2709 ΙΙ
343 2645 390 2710 qui
402 2644 428 2695 Ε
441 2659 522 2709 quem
535 2647 561 2697 A
573 2642 585 2712 ΙΙ
600 2646 664 2696 lton
677 2644 792 2711 Siperce
806 2645 830 2695 Ε
843 2644 872 2695 Si
884 2661 955 2712 pace
968 2645 994 2695 A
1009 2645 1021 2708 ΙΙ

102 2710 179 2762 mille
203 2718 227 2776 ψ
256 2708 268 2780 ΙΙ
297 2715 363 2764 1706
386 2712 497 2780 impius
521 2714 717 2778 Rapbetenptue.
747 2710 759 2781 ΙΙ
789 2715 854 2765 1707
878 2714 975 2764 emitte
998 2713 1024 2762 Ε

104 2779 214 2830 admitti
225 2782 252 2831 A
271 2781 386 2831 admitte
401 2782 480 2833 Gron.
492 2778 504 2848 Η
515 2778 656 2846 hunopcor
668 2780 694 2830 Ε
706 2782 779 2832 bunc
791 2786 891 2847 peter
904 2783 957 2833 GR.
970 2783 1023 2832 uid.

103 2849 139 2898 ad
148 2865 174 2901 u,
187 2850 252 2900 1701
266 2845 278 2915 ΙΙ
291 2850 356 2901 1708
368 2845 386 2899 ᾗ
396 2849 423 2899 Ε
440 2864 493 2899 nec
505 2850 531 2899 A
542 2846 555 2915 ss
567 2849 673 2899 noetis
685 2854 728 2900 uel
738 2852 825 2901 sortis
839 2851 914 2900 NHe.
927 2846 939 2916 ll
957 2850 1023 2900 1709

104 2921 262 2967 conterrent
280 2918 333 2968 εΑ
357 2917 525 2968 conturbent
541 2916 612 2982 Moy.
632 2912 644 2982 Η
661 2918 726 2967 1712
744 2918 848 2969 Parere
867 2918 985 2977 tPocere
1002 2924 1022 2964 t.

104 2982 192 3049 NHo.)
210 2991 261 3034 atr.
274 2987 354 3034 minue
366 2987 440 3051 cipro
451 2986 501 3035 ced
510 3002 541 3036 nr.
554 2988 620 3034 cetis
631 2988 746 3052 antiquo.
760 2991 845 3050 primo
857 2986 966 3049 spatium
978 3000 1023 3032 uu-

103 3067 173 3101 cuum
182 3053 266 3116 [πίσω
277 3054 380 3103 uidetur
394 3053 417 3101 Ε
434 3052 531 3102 Pande
543 3052 569 3102 A
580 3049 594 3118 1]
608 3051 719 3117 uulgus
731 3057 771 3103 net
783 3057 900 3103 coetus
912 3052 988 3102 Nllc.
1009 3050 1022 3114 ΙΙ

103 3126 176 3169 ut—
186 3124 295 3185 spectet
306 3136 353 3173 om.
369 3116 414 3187 611
431 3122 497 3171 1719
509 3119 577 3169 licet
589 3136 636 3170 om.
649 3120 675 3169 Ε
686 3117 698 3187 Η
715 3122 782 3171 1714
793 3119 871 3170 Vltro
883 3124 1023 3185 peterem.

104 3188 228 3237 cedente
245 3203 348 3254 eogere
365 3187 672 3294 εραιίιαηςιιαωὲωηῖὲῐῐ
690 3190 823 3238 lucrorum
835 3188 861 3238 Ε
872 3184 885 3255 ΙΙ
898 3190 965 3239 1715
986 3193 1023 3232 ab·

105 3309 192 3353 steterit
348 3308 371 3357 it
390 3306 449 3358 nlla
470 3323 562 3372 penge
583 3312 650 3357 tune
672 3305 769 3371 stigios
790 3305 870 3357 loeus
892 3306 917 3356 Ε
942 3304 1023 3371 (quoe

104 3372 242 3425 minoribm
258 3376 341 3425 literio
356 3377 484 3440 descripti
500 3383 559 3426 cunt
576 3376 728 3426 recentioris
743 3389 839 3424 munuc.
866 3389 931 3440 quae
948 3376 1024 3423 etiam

105 3443 140 3493 eb
154 3457 190 3493 etc
203 3446 242 3505 nt,
255 3457 347 3508 penge
360 3445 462 3494 uidetur
474 3444 591 3509 effecisse
604 3460 639 3493 ex
650 3441 757 3508 iunge).
775 3440 923 3493 abstulerit
934 3442 1023 3492 abesse

104 3517 214 3561 tentatur
232 3510 309 3561 title.
328 3511 483 3563 Abstulerit
499 3510 582 3561 ullos.
600 3510 691 3576 pende
709 3515 766 3561 tnm
785 3511 811 3561 A
831 3507 936 3575 (tamen
952 3508 988 3576 ψ)
1001 3506 1013 3576 ΙΙ
