2576 4044
578 234 701 281 Munna

185 375 302 438 caelebs
316 376 416 437 lason:
441 391 550 453 quaere
566 390 729 452 poenarum
746 391 841 451 genus

184 462 257 521 haut
270 462 409 521 usitatum
425 460 543 538 iamque
558 460 602 518 sio
616 466 708 518 temet
723 476 812 535 para:

149 550 174 606 c'
227 546 284 607 Fas
300 563 388 605 omne
404 543 527 613 cedat,
545 542 633 602 abeat
648 540 788 619 expulsus
803 542 909 620 pudor.

185 630 353 691 uindicta
368 628 442 689 leuis
459 637 504 688 est
518 645 606 706 quam
622 628 721 686 lerunt
736 644 829 703 purae
844 643 965 687 manus:

183 713 326 774 incumbe
341 716 371 773 in
387 715 448 773 iras
463 719 552 790 teque
567 710 756 789 languentem
773 711 867 772 excita

184 799 362 876 penitusque
377 803 496 858 ueteres
511 803 633 874 pectore
649 797 760 855 eximo
776 796 937 872 impetus

183 882 331 943 uiolentus
345 882 441 942 hauri.
474 880 613 959 quioquid
628 880 789 940 admissum
805 889 849 940 est
865 880 979 949 adhuc,

182 969 276 1045 pietas
291 976 425 1026 uocetur.

147 1063 166 1112 d
459 1049 522 1109 lloo
537 1066 591 1125 age
607 1057 637 1109 et
651 1049 718 1108 laxo
734 1050 828 1109 sciant

183 1153 272 1213 quam
286 1134 366 1195 leuia
381 1135 491 1195 luerint
506 1150 655 1211 quamque
670 1132 802 1210 uulgaris
818 1142 905 1194 notae

183 1237 259 1298 quae
276 1218 453 1279 conmodaui
468 1217 627 1278 scelera.
658 1216 784 1294 prolusit
798 1215 884 1276 dolor

182 1322 237 1381 per
252 1305 305 1364 ista
322 1310 433 1362 noster.
464 1301 534 1379 quid
551 1318 657 1362 manus
671 1308 810 1377 poterant
826 1301 915 1380 rudes

182 1388 293 1448 audere
310 1387 469 1462 magnum?
492 1386 563 1463 quid
579 1384 720 1464 puellaris
734 1386 838 1446 luror‘t

181 1472 283 1533 Medea
299 1488 380 1531 nunc
395 1489 478 1540 sum,
496 1471 590 1530 creuit
604 1471 758 1546 ingenium
773 1469 867 1529 malis.

146 1582 163 1616 c
223 1557 308 1616 luuat
323 1557 406 1627 iuuat
420 1555 554 1633 rapuisse
570 1554 733 1615 fraternum
750 1561 853 1633 caput,

180 1648 262 1700 artus
277 1642 359 1701 iuuat
373 1640 503 1700 secuisse
518 1648 548 1699 et
563 1655 673 1699 arcano
688 1645 802 1715 patrem

181 1724 323 1803 spoliasse
339 1742 439 1797 sacro,
456 1724 540 1783 iuuat
555 1724 585 1783 in
601 1724 723 1784 exitium
738 1725 818 1783 senis

181 1827 311 1869 armasse
327 1816 418 1868 natas.
450 1825 561 1888 quaere
576 1810 731 1868 materiam
747 1807 850 1867 dolor:

180 1893 217 1953 ad
233 1910 321 1953 omne
337 1893 451 1952 lacinus
466 1909 527 1950 non
542 1891 646 1952 rudem
664 1892 798 1952 dextram
815 1892 942 1954 adseres.

145 1980 170 2039 c'
224 1975 288 2045 Quo
304 1984 333 2037 te
348 1978 439 2052 igitur
454 1976 497 2035 ira
514 1976 619 2043 mittis,
636 1984 686 2035 aut
701 1995 777 2053 quae
793 1976 909 2054 perfido

180 2061 308 2121 intendis
322 2061 401 2121 hosti
415 2058 493 2119 tela't
516 2062 616 2120 nescio
632 2060 702 2137 quid
717 2061 801 2120 lerox

181 2146 315 2206 decreuit
329 2146 445 2204 animus
460 2145 541 2204 intus
557 2150 585 2203 et
600 2144 734 2204 nondum
748 2144 804 2206 sibi

180 2228 270 2290 audet
283 2229 378 2290 lateri.
411 2228 501 2289 stulta
517 2232 680 2307 properaul
695 2230 783 2290 nimis

144 2401 171 2458 ‹1'
223 2397 266 2457 Ex
282 2396 394 2476 paelice
409 2386 520 2457 utinam
535 2396 647 2457 liberos
662 2398 756 2459 hostis
772 2416 856 2458 meus

180 2480 295 2558 aliquos
310 2479 442 2541 haberet.
473 2481 613 2561 quioquid
630 2500 665 2541 ex
681 2480 731 2541 illo
747 2489 831 2543 tuum
847 2489 908 2551 est,

180 2566 290 2626 Creusa
306 2567 431 2644 peperit.
461 2565 572 2644 placuit
585 2566 642 2626 hoc
658 2583 771 2642 poenae
786 2584 880 2643 genus

179 2650 343 2727 meritoque
359 2649 484 2726 placuit:
508 2649 659 2719 ultimum,
676 2667 819 2727 agnosco,
837 2652 961 2712 scelus

178 2734 278 2793 anime
292 2732 457 2810 parandum
473 2742 526 2794 est.
557 2734 644 2795 liberi
659 2735 807 2813 quondam
824 2737 883 2797 mei

178 2836 233 2878 uos
248 2836 303 2895 pro
319 2819 451 2895 paternis
466 2817 632 2880 sceleribus
647 2836 757 2896 poenas
773 2820 849 2880 date.
865 2855 909 2864 --

246 3004 296 3053 906
314 2999 433 3069 ossolebo
447 3003 475 3064 (a
487 3002 567 3068 erno.)
581 3004 606 3052 E
617 3000 629 3070 {l
642 3001 746 3070 qussere
765 3002 793 3067 (a
805 3003 884 3069 erae.)
897 3005 923 3053 E
940 3003 1098 3071 pllenarum

178 3069 206 3132 (e
224 3068 307 3135 erac.)
325 3070 351 3119 E
379 3068 391 3137 {l
420 3073 469 3121 907
487 3070 590 3121 haustu
608 3074 724 3121 citatum
741 3072 767 3120 E
793 3072 868 3122 haud
885 3074 1019 3124 usitatum
1037 3074 1062 3122 A
1083 3074 1097 3137 ΙΙ

176 3139 227 3188 909
245 3153 351 3204 paruae
370 3140 395 3188 A
414 3153 500 3202 purae
518 3135 559 3205 ΕΙ
583 3141 632 3189 912
652 3139 743 3190 adhuc
761 3144 804 3190 est
821 3140 847 3189 Ε
865 3144 908 3190 ost
926 3141 1017 3191 adhuc
1036 3140 1060 3189 A
1081 3141 1094 3205 ll

176 3207 228 3256 914
245 3203 333 3270 notlle
353 3206 381 3269 (a
399 3206 500 3280 eracl)
518 3206 544 3254 Ε
567 3202 638 3272 1916
655 3207 790 3272 praelusit
808 3209 833 3257 A
851 3209 972 3274 prolusit
989 3222 1003 3260 ε
1018 3204 1031 3274 ΙΙ
1048 3211 1099 3259 920

177 3310 255 3355 ortus
272 3307 299 3356 Ε
320 3303 333 3372 ll
355 3309 404 3357 921
423 3282 526 3359 exitrlm
545 3308 569 3356 Ε
600 3305 604 3374 Ι
632 3311 682 3359 927
699 3312 814 3359 lacunam
831 3311 911 3359 statui
927 3326 981 3359 cunr
997 3309 1062 3358 ΕΡ.
1082 3309 1096 3373 ΙΙ

178 3375 229 3423 929
247 3372 354 3436 aliquot
372 3391 391 3425 α
413 3375 523 3441 aliquos
540 3384 579 3440 ψε
602 3374 675 3441 1930
692 3377 796 3441 pepirit
813 3377 840 3425 Ε
856 3373 868 3441 ΙΙ
884 3378 933 3426 931
951 3390 1052 3440 magno
1070 3375 1096 3424 A

178 3454 300 3504 agnosco
317 3441 344 3491 Ε
354 3438 366 3507 ΙΙ
383 3445 432 3494 932
452 3444 542 3495 animo
561 3444 603 3494 Αε
621 3444 713 3494 anime
730 3446 762 3496 ci.
783 3444 860 3494 Gran.
873 3440 885 3509 ΙΙ
901 3442 1053 3508 parendum
1071 3442 1097 3492 Ε
1143 3441 1147 3448 “

177 3508 330 3573 parandum
348 3510 374 3563 A
393 3512 554 3576 patrandum
573 3517 604 3561 ct.
627 3512 705 3562 Gran
730 3508 742 3575 ΙΙ
