2484 4044
214 242 280 307 424
608 257 750 306 incanui

217 398 341 461 Bellona
355 400 446 460 ierre.
477 400 561 459 mitte
577 398 739 459 Gradiuum
756 405 880 461 trucem.

217 491 350 544 armetur
365 486 396 544 in
411 503 459 544 me
475 485 571 545 dirus:
597 489 642 544 est
656 483 749 544 irater
764 484 884 563 quidem

217 569 268 629 sed
286 587 322 629 ex
337 587 477 629 nouerca.
509 575 540 628 tu
556 586 674 646 quoque
689 567 807 629 Alcidae
822 586 909 630 seror

217 660 332 713 tantum
349 672 384 714 ex
400 660 523 731 parente
539 653 693 731 cuspidem
707 654 737 712 in
755 653 876 714 fratrem
892 659 978 715 tuum

215 738 345 799 iaculare
360 738 465 799 Pallas.
497 737 646 815 supplices
662 737 752 798 tendo
768 756 873 799 manus

216 823 252 883 ad
268 829 297 882 te
312 823 458 884 ncueica:
482 839 590 900 sparge
606 829 636 882 tu
652 821 755 882 saltem
772 840 881 900 precor

215 907 316 968 telum.
347 910 447 985 perire
462 909 589 968 leminae
604 924 725 984 pessum
741 925 839 968 manu.

216 993 276 1052 iam
293 992 384 1053 lracta
401 994 459 1052 iam
476 993 578 1053 satiata
595 992 665 1067 quid
681 993 800 1068 parcis?
823 994 918 1054 minas

217 1077 287 1155 quid
304 1078 421 1155 quaeris
436 1076 534 1137 ultral
557 1076 721 1154 supplicem
737 1076 860 1137 Alciden
876 1078 968 1138 uides,

218 1169 247 1222 et
262 1160 341 1221 nulla
358 1159 444 1222 tellus
459 1159 539 1221 nulla
556 1180 604 1220 me
619 1161 695 1221 uidit
708 1160 772 1222 iera

217 1253 248 1306 te
265 1246 486 1325 deprecantem.
517 1263 596 1306 nunc
611 1245 684 1305 mihi
699 1246 772 1305 irata
789 1247 908 1325 quidem

217 1349 291 1408 opus
307 1338 352 1391 est
367 1348 512 1391 nouerca:
536 1348 616 1391 nunc
631 1338 699 1391 tuus
715 1339 810 1391 cessat
826 1330 930 1391 dolor?

217 1433 297 1476 nunc
313 1416 380 1476 odia
397 1415 500 1494 ponis?
523 1415 621 1492 parcis
635 1414 686 1475 ubi
702 1423 805 1476 uotum
822 1421 867 1475 est
880 1415 978 1476 merit

216 1519 234 1560 e
250 1508 330 1561 terra
346 1507 376 1560 et
391 1500 483 1560 urbes
499 1516 558 1559 non
574 1501 669 1560 lacem
686 1501 840 1579 quisquam
856 1499 977 1561 Herculi

215 1602 276 1644 nen
292 1603 374 1645 arma
390 1585 506 1644 tradet?
528 1583 583 1644 tela
600 1582 772 1645 subtrahitis
788 1585 877 1645 mihil

216 1672 254 1728 lta
271 1668 351 1729 nulla
367 1686 471 1729 saeuas
485 1675 566 1728 terra
584 1670 732 1747 concipiat
747 1669 826 1730 ieras

216 1762 284 1831 post
299 1772 347 1813 me
363 1752 479 1832 sepulte
496 1771 552 1813 nec
567 1770 648 1812 meas
662 1771 803 1831 umquam
819 1770 925 1815 manus

215 1836 346 1915 inploret
361 1837 457 1898 erbis:
482 1837 525 1918 [si
538 1855 599 1914 qua
614 1845 780 1900 nascentur
794 1842 893 1915 mala,

215 1929 359 1985 nascetur
374 1921 490 2003 odiam]
507 1922 638 1999 undique
655 1921 757 1983 infelix
773 1930 862 2002 caput

215 2015 341 2069 mactate
356 2009 447 2078 saxis,
464 2008 575 2068 uincite
590 2024 748 2067 aerumnas
763 2025 854 2068 meas.

216 2095 332 2170 ingrate
347 2111 445 2153 cessas
462 2091 562 2152 erbisl
586 2092 749 2152 excidimus
763 2091 836 2151 tibi?

215 2177 313 2239 adhuc
328 2176 414 2238 malis
429 2177 559 2255 serisque
575 2178 746 2254 suppositus
760 2174 854 2245 iores,

216 2264 272 2323 nisi
288 2280 335 2322 me
350 2261 479 2323 tulisses.
510 2260 658 2321 uindicem
674 2266 769 2321 uestri
782 2260 868 2320 malis

217 2348 321 2424 eripite
337 2346 449 2425 populi.
480 2352 597 2423 tempus
612 2345 670 2405 hcc
684 2345 770 2406 uobis
785 2346 873 2406 datur

285 2570 350 2619 1317
369 2571 412 2618 est
429 2565 487 2629 Εψ
506 2570 538 2616 et
556 2561 678 2630 α111322
696 2579 806 2629 possum
825 2565 948 2618 enPan.
966 2566 1071 2630 possim
1085 2568 1115 2616 A
1140 2568 1143 2623 ξ

217 2638 283 2687 1323
295 2635 389 2700 pascis
401 2651 424 2684 ω
441 2634 543 2698 parcis
562 2632 652 2682 minis
672 2633 750 2685 Gran.
769 2633 890 2696 parcis?
909 2633 998 2683 minas
1009 2636 1120 2698 scripsi.
1138 2632 1149 2702 11

216 2704 283 2754 1326
300 2703 341 2752 Te
360 2702 393 2752 de
412 2705 545 2765 precante
564 2701 590 2750 Ε
607 2701 647 2751 Te
666 2703 694 2750 te
713 2705 875 2766 precantem
892 2702 918 2751 A
941 2697 953 2768 11
978 2702 1043 2751 1326
1062 2702 1150 2755 irata

215 2806 297 2867 pater
315 2802 340 2851 Ε
357 2802 431 2852 irata
450 2801 557 2866 quidem
580 2798 669 2868 11327
687 2816 751 2851 num
769 2802 794 2851 Ε
815 2818 889 2852 nune
908 2799 1045 2868 Α111328
1065 2779 1147 2855 Νἶω

216 2869 298 2936 (corr.
301 2885 344 2935 pr.
351 2887 381 2920 m.
381 2868 395 2934 )
405 2871 431 2920 E
442 2871 522 2921 Nunc
531 2868 571 2935 Α1
587 2871 652 2920 1323
665 2873 739 2920 terre
751 2869 777 2918 Ε
789 2874 881 2921 terrae
891 2868 900 2935 11
910 2872 976 2921 1332
988 2870 1098 2935 sepulte
1115 2873 1147 2922 Ε

216 2937 354 3005 sepultum
376 2937 401 2988 A
437 2942 500 3004 post
523 2954 576 2989 me.
604 2936 640 2987 Se
660 2937 718 2988 ulti
741 2938 818 2988 NHs.
847 2935 860 3004 11
890 2940 956 2989 1333
984 2943 1147 2990 nascentur

216 3007 292 3057 mala
309 3007 335 3056 Ε
352 3011 487 3058 nascetur
506 3007 568 3058 iera
586 3006 611 3054 A
640 2954 659 3071 1
682 3006 749 3056 1334
765 3006 905 3056 Nascetur
923 3004 1013 3055 odium
1030 3006 1057 3055 Ε
1080 3007 1146 3057 Na-

217 3078 311 3125 scatur
334 3075 407 3125 alius
429 3076 454 3124 A
483 3070 496 3141 11
523 3073 644 3137 undique
667 3090 689 3124 ω
718 3069 731 3140 11
759 3073 929 3124 Nascantur
951 3074 1044 3123 ocius
1062 3073 1143 3126 Bad.

215 3143 356 3192 Iunonis
374 3143 442 3193 edic
456 3144 532 3193 NHs.
551 3143 719 3193 Nascantur
735 3139 903 3192 hodie'aut
920 3140 1040 3205 undique
1055 3141 1144 3192 Greia.

216 3210 383 3260 Nascantur
402 3210 473 3260 alio
491 3209 622 3260 uindice
643 3204 812 3275 6111113333
831 3211 897 3260 1334
916 3208 1072 3260 13361336·
1090 3211 1144 3260 de·

215 3284 275 3329 sunt
294 3276 315 3327 G
337 3294 378 3330 eu.
399 3277 479 3330 1333l'
499 3281 577 3330 1334·
598 3277 645 3326 tue
663 3293 698 3328 ese
720 3292 811 3328 errore
828 3282 1001 3341 transpositos
1017 3278 1146 3339 suspicor

216 3362 252 3397 ee·
269 3345 383 3396 Hercule
401 3346 431 3405 I,
455 3347 498 3397 adi
512 3353 573 3411 post
590 3362 615 3395 a.
634 3347 695 3396 940·
712 3348 754 3396 uel
769 3347 831 3396 341·
848 3347 937 3395 deesse
956 3346 1006 3395 dae
1023 3345 1144 3396 hemisti-

216 3415 274 3464 clu'a
291 3416 397 3465 eandem
414 3416 565 3464 sententiam
582 3413 722 3475 efficientia
739 3408 867 3478 contestu
880 3414 946 3464 1336
963 3411 1092 3462 Mactata
1110 3413 1144 3463 Ε

215 3481 342 3529 Mactata
360 3476 488 3546 ,4111338
505 3481 609 3530 uestris
626 3480 652 3530 Ε
668 3481 761 3531 uestri
779 3481 855 3530 NHe.
868 3476 880 3546 11
898 3481 964 3531 1333
983 3479 1092 3544 Eripite
1110 3480 1144 3530 Ε

219 3547 321 3588 Linum
338 3547 467 3609 Excipite
485 3547 510 3595 A
534 3543 546 3612 11
