2484 4044
203 245 269 309 410
592 258 735 305 rucuurr

207 401 322 479 quaerit
337 397 440 459 relabi.
470 397 603 459 membra
620 399 684 475 quis
701 399 834 474 ocrutitur
849 399 935 458 roto?

207 486 256 545 hic
272 502 341 544 ecce
357 481 469 562 palleos
485 484 548 543 dire
564 482 724 561 Tisiphone
740 485 833 553 stetit,

206 587 325 631 causam
342 569 481 645 reposcit.
512 586 602 646 parce
618 567 796 628 uerberibus
812 586 920 646 precor

207 655 459 732 Megaeroparce.
491 654 604 713 sustine
621 653 730 731 stygias
745 653 840 713 foces:

209 737 305 799 socius
321 745 366 799 est
381 739 499 799 amoris,
531 736 581 797 sed
599 737 759 815 quidhoc?
783 736 870 798 telius
886 736 965 799 labat

208 831 237 883 et
253 821 318 883 aula
335 825 418 883 tectis
434 823 529 882 creuit
545 822 685 882 excussis,
717 823 816 882 minax

207 909 288 968 unde
302 910 358 967 iste
373 907 493 968 coetus?
515 914 593 967 totus
608 907 636 965 in
653 905 751 966 uoltus
766 923 849 966 meos

209 993 342 1057 decurrit
358 992 453 1061 orbis
470 992 539 1051 hino
555 998 584 1050 et
599 991 668 1050 hinc
684 991 783 1070 popuii
800 990 930 1052 tremunt

209 1084 346 1155 totusque
361 1079 457 1154 poscit
471 1076 619 1136 uindicem
636 1077 763 1136 mundus
779 1094 875 1136 suum.

209 1164 265 1221 iam
282 1162 394 1238 parcite
410 1160 510 1221 urbes.
527 1195 567 1204 -
584 1179 643 1239 quo
660 1161 757 1238 iugem
775 1179 918 1239 praeceps
933 1162 1039 1241 agam?

209 1264 291 1306 mors
306 1245 366 1306 soie
383 1253 486 1323 portus
502 1244 618 1306 dabitur
635 1247 784 1305 aerumnis
801 1246 883 1305 meis.

209 1338 301 1391 testor
315 1333 437 1391 nitentis
451 1331 617 1390 flammeam
633 1329 745 1390 Phoebi
760 1338 856 1391 rotem

209 1434 392 1493 superosque
410 1423 516 1476 testor:
539 1413 697 1475 Herculem
714 1416 743 1473 in
759 1416 849 1475 terris
865 1415 961 1476 adhuc

210 1501 351 1560 moritura
367 1499 477 1579 linquo.

209 1598 290 1645 HYL.
516 1584 590 1661 sugit
606 1586 726 1644 attonitu
743 1585 770 1644 ei
785 1584 866 1645 mihi.

210 1676 329 1747 peracta
346 1670 404 1728 iam
420 1686 490 1746 pars
507 1670 609 1728 matris
626 1676 682 1729 est:
708 1671 809 1729 statuit
824 1670 900 1729 mori

212 1771 291 1813 nunc
306 1759 407 1812 nostra
423 1761 558 1831 superest
573 1756 676 1814 mortis
692 1754 810 1814 auferre
825 1755 977 1831 impetum.

210 1840 352 1898 omisero
368 1839 470 1914 pietas.
502 1838 525 1897 si
541 1840 617 1896 mori
634 1847 757 1899 matrem
774 1846 872 1899 uetes:

211 1924 287 1999 petri
303 1941 336 1983 es
351 1921 502 1982 scelestus.
534 1924 558 1981 si
574 1924 650 1982 ruori
665 1924 788 2001 pateris:
814 1931 911 1983 tamen

211 2009 242 2066 in
259 2014 352 2067 matre
369 2025 483 2085 peccas.
515 2014 600 2084 urget
615 2007 683 2067 hinc
698 2007 778 2067 iiiinc
793 2009 886 2078 netes.

213 2091 372 2152 inhibenda
387 2099 486 2153 tomen
503 2100 547 2152 est
562 2111 666 2152 uerum
683 2100 711 2152 et
727 2094 849 2170 eripiam
866 2090 973 2153 socius.

595 2324 742 2373 CHORVS.

178 2452 195 2485 ⁰
406 2447 515 2508 Verum
532 2448 668 2525 estquod
686 2448 791 2507 cecinit
806 2463 889 2507 secer

363 2532 496 2593 thressec
513 2532 567 2593 sub
583 2531 742 2609 Rhodopes
757 2533 834 2608 iugis

281 2837 346 2886 1015
366 2836 487 2899 queritur
506 2835 530 2883 E
554 2837 657 2885 teritur
675 2837 750 2885 NHc.
779 2837 916 2900 quatitur
933 2838 1029 2900 scripti
1049 2843 1146 2900 pree-¹

212 2905 260 2954 bet
278 2908 303 2955 A
316 2901 327 2968 ΙΙ
340 2909 416 2953 rotae
436 2917 449 2954 ε
462 2903 487 2953 Α
506 2907 567 2953 rota
585 2900 764 2967 1010111016
781 2904 893 2968 patiens
905 2903 931 2952 E
949 2903 1057 2968 pallens
1070 2904 1094 2952 A
1116 2904 1130 2966 ΙΙ

213 2973 377 3038 thesiphone
390 2979 413 3036 ψ
426 2968 437 3038 il
451 2974 514 3022 1017
533 2973 656 3036 reposcit
670 2971 695 3020 E
713 2972 840 3037 poposcit
851 2972 876 3022 A
888 2968 893 3036 i
914 2974 979 3022 1020
998 2972 1086 3020 creuit
1105 2970 1132 3019 Ε

213 3042 321 3156 “re-¹³¹¹}
333 3036 530 3158 rhetitii:
543 3039 883 3158 iffliitiiffliihi
897 3036 1133 3158 iiiittttttff

212 3124 350 3225 ἷῗιίωΙΡαῐ.
364 3171 375 3241 Η
389 3178 453 3226 1027
472 3176 501 3225 in
520 3177 600 3226 terrIs
618 3175 644 3225 Ε
662 3177 691 3224 in
709 3192 754 3226 orn.
771 3123 820 3241 ΞΗ
834 3147 898 3225 1028
918 3176 945 3224 ei
963 3174 988 3223 Ε
1006 3173 1052 3223 hei
1069 3173 1094 3223 A
1117 3174 1130 3236 ΙΙ

215 3245 280 3294 1029
299 3247 327 3292 et
344 3243 369 3292 E
389 3247 431 3292 est
448 3243 473 3293 A
496 3239 508 3310 ΙΙ
532 3246 598 3294 1030
617 3243 717 3293 aufero
735 3245 841 3308 Lipsius
859 3259 892 3293 on
912 3242 1009 3293 aufer?
1029 3238 1041 3308 Η
1064 3243 1132 3293 1032

213 3346 303 3395 Matri
323 3361 341 3394 oc
358 3361 410 3398 err.
432 3352 484 3409 epp.
498 3342 509 3411 ΙΙ
525 3346 588 3396 1033

627 3320 694 3396 cccci
713 3346 812 3409 surget
830 3344 856 3393 E
881 3359 984 3409 peccas
1003 3346 1097 3408 surget
1114 3358 1133 3407 p

213 3430 240 3477 p.
259 3415 347 3477 surgit
364 3414 390 3462 A
408 3418 489 3475 urget
508 3413 585 3462 Gron.
603 3361 724 3477 {Ysoeius
742 3412 768 3461 E
785 3412 866 3462 nefas
885 3412 910 3462 A
922 3408 933 3478 Η
952 3414 1017 3462 1034
1034 3426 1132 3460 uerum

215 3484 243 3528 et
260 3479 286 3529 Ε
303 3495 398 3530 serum
416 3479 552 3528 LMueIter
569 3495 682 3545 pergam
701 3486 729 3530 et
747 3480 773 3529 A
789 3475 801 3545 ll
818 3497 834 3529 a
851 3497 875 3528 u.
891 3481 955 3530 1135
973 3481 1010 3529 od
1025 3495 1049 3527 u.
1065 3479 1133 3528 1134

214 3546 266 3595 tint
282 3562 372 3596 uereor
390 3547 517 3596 coniuncti
533 3545 559 3595 Ε
581 3542 593 3612 Η
617 3550 682 3598 1036
700 3547 829 3612 Rodopes
847 3547 906 3597 EA
930 3545 1085 3612 Rodopetp
1108 3540 1122 3611 ΙΙ
