<?xml version="1.0" encoding="UTF-8"?>
<!DOCTYPE html PUBLIC "-//W3C//DTD XHTML 1.0 Transitional//EN"
    "http://www.w3.org/TR/xhtml1/DTD/xhtml1-transitional.dtd">
<html xmlns="http://www.w3.org/1999/xhtml" xml:lang="en" lang="en">
 <head>
  <title>
</title>
<meta http-equiv="Content-Type" content="text/html;charset=utf-8" />
  <meta name='ocr-system' content='tesseract 3.04.00' />
  <meta name='ocr-capabilities' content='ocr_page ocr_carea ocr_par ocr_line ocrx_word'/>
</head>
<body>
  <div class='ocr_page' id='page_1' title='image "./lannaeisenecaet08senegoog_0021.png"; bbox 0 0 2536 4046; ppageno 0'>
   <div class='ocr_carea' id='block_1_1' title="bbox 252 253 825 303">
    <p class='ocr_par' dir='ltr' id='par_1_1' title="bbox 252 253 825 303">
     <span class='ocr_line' id='line_1_1' title="bbox 252 253 825 303; baseline -0.002 -1"><span class='ocrx_word' id='word_1_1' title='bbox 252 257 313 303; x_wconf 85' lang='lat' dir='ltr'>XVI</span> <span class='ocrx_word' id='word_1_2' title='bbox 626 253 825 301; x_wconf 79' lang='lat' dir='ltr'><strong>PRAEFATIO</strong></span> 
     </span>
    </p>
   </div>
   <div class='ocr_carea' id='block_1_2' title="bbox 239 410 1210 3106">
    <p class='ocr_par' dir='ltr' id='par_1_2' title="bbox 239 410 1210 3106">
     <span class='ocr_line' id='line_1_2' title="bbox 251 410 1210 487; baseline 0 -15"><span class='ocrx_word' id='word_1_3' title='bbox 251 416 326 472; x_wconf 89' lang='lat' dir='ltr'>bitur</span> <span class='ocrx_word' id='word_1_4' title='bbox 348 431 412 469; x_wconf 89' lang='lat' dir='ltr'>sane</span> <span class='ocrx_word' id='word_1_5' title='bbox 431 413 503 487; x_wconf 93' lang='lat' dir='ltr'>quod</span> <span class='ocrx_word' id='word_1_6' title='bbox 520 410 645 468; x_wconf 82' lang='lat' dir='ltr'>librarius</span> <span class='ocrx_word' id='word_1_7' title='bbox 666 414 719 468; x_wconf 88' lang='lat' dir='ltr'>iste</span> <span class='ocrx_word' id='word_1_8' title='bbox 734 411 811 469; x_wconf 91' lang='lat' dir='ltr'>nullo</span> <span class='ocrx_word' id='word_1_9' title='bbox 825 413 887 469; x_wconf 88' lang='lat' dir='ltr'>loco</span> <span class='ocrx_word' id='word_1_10' title='bbox 903 412 977 486; x_wconf 90' lang='lat' dir='ltr'>quod</span> <span class='ocrx_word' id='word_1_11' title='bbox 993 421 1157 487; x_wconf 84' lang='lat' dir='ltr'>corruptum</span> <span class='ocrx_word' id='word_1_12' title='bbox 1181 419 1210 473; x_wconf 90' lang='lat' dir='ltr'>in</span> 
     </span>
     <span class='ocr_line' id='line_1_3' title="bbox 251 492 1208 571; baseline 0.001 -15"><span class='ocrx_word' id='word_1_13' title='bbox 251 501 402 571; x_wconf 80' lang='lat' dir='ltr'>archetypo</span> <span class='ocrx_word' id='word_1_14' title='bbox 414 497 557 570; x_wconf 87' lang='lat' dir='ltr'>legebatur</span> <span class='ocrx_word' id='word_1_15' title='bbox 573 498 598 552; x_wconf 94' lang='lat' dir='ltr'>id</span> <span class='ocrx_word' id='word_1_16' title='bbox 614 492 704 569; x_wconf 81' lang='lat' dir='ltr'>ipsum</span> <span class='ocrx_word' id='word_1_17' title='bbox 716 497 832 553; x_wconf 78' lang='lat' dir='ltr'>reddidit</span> <span class='ocrx_word' id='word_1_18' title='bbox 845 497 893 552; x_wconf 93' lang='lat' dir='ltr'>sed</span> <span class='ocrx_word' id='word_1_19' title='bbox 908 496 1093 570; x_wconf 87' lang='lat' dir='ltr'>aliquomodo</span> <span class='ocrx_word' id='word_1_20' title='bbox 1111 516 1208 569; x_wconf 84' lang='lat' dir='ltr'>ernen-</span> 
     </span>
     <span class='ocr_line' id='line_1_4' title="bbox 251 581 1208 656; baseline 0 -16"><span class='ocrx_word' id='word_1_21' title='bbox 251 585 344 641; x_wconf 90' lang='lat' dir='ltr'>datum</span> <span class='ocrx_word' id='word_1_22' title='bbox 360 583 404 638; x_wconf 93' lang='lat' dir='ltr'>nel</span> <span class='ocrx_word' id='word_1_23' title='bbox 418 583 510 656; x_wconf 90' lang='lat' dir='ltr'>potios</span> <span class='ocrx_word' id='word_1_24' title='bbox 526 582 564 637; x_wconf 92' lang='lat' dir='ltr'>ad</span> <span class='ocrx_word' id='word_1_25' title='bbox 580 582 779 638; x_wconf 73' lang='lat' dir='ltr'>emendatae</span> <span class='ocrx_word' id='word_1_26' title='bbox 795 581 964 637; x_wconf 90' lang='lat' dir='ltr'>lectionis</span> <span class='ocrx_word' id='word_1_27' title='bbox 981 585 1134 655; x_wconf 88' lang='lat' dir='ltr'>speciem</span> <span class='ocrx_word' id='word_1_28' title='bbox 1153 601 1208 640; x_wconf 90' lang='lat' dir='ltr'>re·</span> 
     </span>
     <span class='ocr_line' id='line_1_5' title="bbox 252 666 1208 740; baseline 0.001 -16"><span class='ocrx_word' id='word_1_29' title='bbox 252 669 401 725; x_wconf 82' lang='lat' dir='ltr'>dacium.</span> <span class='ocrx_word' id='word_1_30' title='bbox 428 667 502 734; x_wconf 82' lang='lat' dir='ltr'>Quae</span> <span class='ocrx_word' id='word_1_31' title='bbox 518 666 625 739; x_wconf 88' lang='lat' dir='ltr'>quidem</span> <span class='ocrx_word' id='word_1_32' title='bbox 640 682 685 722; x_wconf 87' lang='lat' dir='ltr'>res</span> <span class='ocrx_word' id='word_1_33' title='bbox 702 668 742 722; x_wconf 87' lang='lat' dir='ltr'>eis</span> <span class='ocrx_word' id='word_1_34' title='bbox 753 666 927 740; x_wconf 89' lang='lat' dir='ltr'>potissimum</span> <span class='ocrx_word' id='word_1_35' title='bbox 942 667 1011 723; x_wconf 89' lang='lat' dir='ltr'>locis</span> <span class='ocrx_word' id='word_1_36' title='bbox 1026 669 1208 740; x_wconf 83' lang='lat' dir='ltr'>perspicitur,</span> 
     </span>
     <span class='ocr_line' id='line_1_6' title="bbox 253 751 1208 823; baseline 0.001 -14"><span class='ocrx_word' id='word_1_37' title='bbox 253 753 299 809; x_wconf 85' lang='lat' dir='ltr'>nbi</span> <span class='ocrx_word' id='word_1_38' title='bbox 326 755 353 808; x_wconf 93' lang='lat' dir='ltr'>in</span> <span class='ocrx_word' id='word_1_39' title='bbox 376 751 493 808; x_wconf 83' lang='lat' dir='ltr'>Etrusco</span> <span class='ocrx_word' id='word_1_40' title='bbox 516 751 586 807; x_wconf 76' lang='lat' dir='ltr'>lilaro</span> <span class='ocrx_word' id='word_1_41' title='bbox 609 751 739 807; x_wconf 89' lang='lat' dir='ltr'>mendosa</span> <span class='ocrx_word' id='word_1_42' title='bbox 766 753 901 823; x_wconf 91' lang='lat' dir='ltr'>scriptura</span> <span class='ocrx_word' id='word_1_43' title='bbox 924 760 1032 807; x_wconf 86' lang='lat' dir='ltr'>seruata</span> <span class='ocrx_word' id='word_1_44' title='bbox 1061 761 1112 808; x_wconf 89' lang='lat' dir='ltr'>est.</span> <span class='ocrx_word' id='word_1_45' title='bbox 1160 754 1208 810; x_wconf 89' lang='lat' dir='ltr'>Sic</span> 
     </span>
     <span class='ocr_line' id='line_1_7' title="bbox 251 828 1207 910; baseline 0.001 -16"><span class='ocrx_word' id='word_1_46' title='bbox 251 842 345 910; x_wconf 83' lang='lat' dir='ltr'>Agam.</span> <span class='ocrx_word' id='word_1_47' title='bbox 363 836 423 895; x_wconf 90' lang='grc'>282</span> <span class='ocrx_word' id='word_1_48' title='bbox 441 836 486 891; x_wconf 80' lang='lat' dir='ltr'>ulai</span> <span class='ocrx_word' id='word_1_49' title='bbox 503 836 530 890; x_wconf 93' lang='grc'>10</span> <span class='ocrx_word' id='word_1_50' title='bbox 546 837 574 891; x_wconf 99' lang='grc' dir='ltr'><em>Ε</em></span> <span class='ocrx_word' id='word_1_51' title='bbox 587 835 690 907; x_wconf 89' lang='lat' dir='ltr'>legitur</span> <span class='ocrx_word' id='word_1_52' title='bbox 712 837 757 891; x_wconf 76' lang='lat' dir='ltr'>‘et</span> <span class='ocrx_word' id='word_1_53' title='bbox 772 833 964 892; x_wconf 87' lang='lat' dir='ltr'>eurotantum’</span> <span class='ocrx_word' id='word_1_54' title='bbox 986 828 1118 893; x_wconf 88' lang='lat' dir='ltr'>uitiosum</span> <span class='ocrx_word' id='word_1_55' title='bbox 1134 837 1207 895; x_wconf 91' lang='lat' dir='ltr'>illud</span> 
     </span>
     <span class='ocr_line' id='line_1_8' title="bbox 253 919 1206 996; baseline -0.001 -18"><span class='ocrx_word' id='word_1_56' title='bbox 253 922 362 996; x_wconf 87' lang='lat' dir='ltr'>quidem</span> <span class='ocrx_word' id='word_1_57' title='bbox 385 923 433 978; x_wconf 90' lang='lat' dir='ltr'>sed</span> <span class='ocrx_word' id='word_1_58' title='bbox 455 937 523 976; x_wconf 91' lang='grc'><strong>0000</strong></span> <span class='ocrx_word' id='word_1_59' title='bbox 543 922 710 994; x_wconf 81' lang='lat' dir='ltr'>proximum,</span> <span class='ocrx_word' id='word_1_60' title='bbox 740 919 883 992; x_wconf 88' lang='lat' dir='ltr'>legendum</span> <span class='ocrx_word' id='word_1_61' title='bbox 909 922 979 976; x_wconf 85' lang='grc'><strong>00100</strong></span> <span class='ocrx_word' id='word_1_62' title='bbox 1007 922 1052 975; x_wconf 82' lang='lat' dir='ltr'>‘et</span> <span class='ocrx_word' id='word_1_63' title='bbox 1072 920 1206 978; x_wconf 82' lang='lat' dir='ltr'>Eurotam</span> 
     </span>
     <span class='ocr_line' id='line_1_9' title="bbox 252 1004 1206 1069; baseline -0.001 -6"><span class='ocrx_word' id='word_1_64' title='bbox 252 1007 357 1069; x_wconf 88' lang='lat' dir='ltr'>tuum&#39;‚</span> <span class='ocrx_word' id='word_1_65' title='bbox 379 1008 403 1060; x_wconf 93' lang='lat' dir='ltr'><em>A</em></span> <span class='ocrx_word' id='word_1_66' title='bbox 427 1005 614 1061; x_wconf 82' lang='lat' dir='ltr'>infelicissime</span> <span class='ocrx_word' id='word_1_67' title='bbox 629 1004 720 1061; x_wconf 87' lang='lat' dir='ltr'>locum</span> <span class='ocrx_word' id='word_1_68' title='bbox 742 1004 894 1061; x_wconf 91' lang='lat' dir='ltr'>uindicasse</span> <span class='ocrx_word' id='word_1_69' title='bbox 910 1005 962 1060; x_wconf 73' lang='lat' dir='ltr'>silai</span> <span class='ocrx_word' id='word_1_70' title='bbox 978 1006 1054 1061; x_wconf 91' lang='lat' dir='ltr'>uisus</span> <span class='ocrx_word' id='word_1_71' title='bbox 1075 1014 1119 1061; x_wconf 90' lang='lat' dir='ltr'>est</span> <span class='ocrx_word' id='word_1_72' title='bbox 1135 1007 1206 1062; x_wconf 90' lang='lat' dir='ltr'>scri·</span> 
     </span>
     <span class='ocr_line' id='line_1_10' title="bbox 252 1086 1205 1163; baseline 0.003 -15"><span class='ocrx_word' id='word_1_73' title='bbox 252 1091 341 1148; x_wconf 80' lang='lat' dir='ltr'>hendo</span> <span class='ocrx_word' id='word_1_74' title='bbox 365 1088 412 1146; x_wconf 80' lang='lat' dir='ltr'>‘ct</span> <span class='ocrx_word' id='word_1_75' title='bbox 433 1108 447 1144; x_wconf 93' lang='lat' dir='ltr'>a</span> <span class='ocrx_word' id='word_1_76' title='bbox 472 1097 549 1145; x_wconf 89' lang='lat' dir='ltr'>tanto</span> <span class='ocrx_word' id='word_1_77' title='bbox 572 1089 660 1145; x_wconf 89' lang='lat' dir='ltr'>uiro&#39;.</span> <span class='ocrx_word' id='word_1_78' title='bbox 691 1088 756 1144; x_wconf 82' lang='lat' dir='ltr'>lled.</span> <span class='ocrx_word' id='word_1_79' title='bbox 774 1089 834 1146; x_wconf 89' lang='grc'>931</span> <span class='ocrx_word' id='word_1_80' title='bbox 852 1090 892 1143; x_wconf 82' lang='lat' dir='ltr'>E:</span> <span class='ocrx_word' id='word_1_81' title='bbox 916 1086 1059 1145; x_wconf 77' lang='lat' dir='ltr'>‘ultimum</span> <span class='ocrx_word' id='word_1_82' title='bbox 1080 1107 1205 1163; x_wconf 85' lang='lat' dir='ltr'>agnosco</span> 
     </span>
     <span class='ocr_line' id='line_1_11' title="bbox 252 1164 1207 1246; baseline -0.001 -14"><span class='ocrx_word' id='word_1_83' title='bbox 252 1176 341 1232; x_wconf 88' lang='lat' dir='ltr'>scelus</span> <span class='ocrx_word' id='word_1_84' title='bbox 358 1164 454 1231; x_wconf 35' lang='lat' dir='ltr'>animo⁸</span> <span class='ocrx_word' id='word_1_85' title='bbox 466 1174 616 1246; x_wconf 88' lang='lat' dir='ltr'>parandum</span> <span class='ocrx_word' id='word_1_86' title='bbox 632 1174 691 1230; x_wconf 89' lang='lat' dir='ltr'>est&#39;</span> <span class='ocrx_word' id='word_1_87' title='bbox 709 1172 783 1245; x_wconf 89' lang='lat' dir='ltr'>quod</span> <span class='ocrx_word' id='word_1_88' title='bbox 798 1190 851 1230; x_wconf 91' lang='lat' dir='ltr'>una</span> <span class='ocrx_word' id='word_1_89' title='bbox 866 1173 975 1229; x_wconf 90' lang='lat' dir='ltr'>literula</span> <span class='ocrx_word' id='word_1_90' title='bbox 987 1183 1090 1230; x_wconf 89' lang='lat' dir='ltr'>mutata</span> <span class='ocrx_word' id='word_1_91' title='bbox 1105 1174 1139 1230; x_wconf 93' lang='lat' dir='ltr'>ad</span> <span class='ocrx_word' id='word_1_92' title='bbox 1154 1174 1207 1232; x_wconf 77' lang='lat' dir='ltr'>lao-</span> 
     </span>
     <span class='ocr_line' id='line_1_12' title="bbox 252 1258 1204 1331; baseline 0 -15"><span class='ocrx_word' id='word_1_93' title='bbox 252 1277 313 1316; x_wconf 92' lang='lat' dir='ltr'>nam</span> <span class='ocrx_word' id='word_1_94' title='bbox 326 1261 488 1315; x_wconf 88' lang='lat' dir='ltr'>sententiam</span> <span class='ocrx_word' id='word_1_95' title='bbox 504 1260 630 1315; x_wconf 85' lang='lat' dir='ltr'>reuocari</span> <span class='ocrx_word' id='word_1_96' title='bbox 642 1275 725 1331; x_wconf 89' lang='lat' dir='ltr'>posse</span> <span class='ocrx_word' id='word_1_97' title='bbox 736 1258 892 1314; x_wconf 85' lang='lat' dir='ltr'>Gronouius</span> <span class='ocrx_word' id='word_1_98' title='bbox 906 1258 1026 1315; x_wconf 90' lang='lat' dir='ltr'>ostendit</span> <span class='ocrx_word' id='word_1_99' title='bbox 1041 1258 1204 1330; x_wconf 66' lang='lat' dir='ltr'>(³ultimum</span> 
     </span>
     <span class='ocr_line' id='line_1_13' title="bbox 252 1340 1205 1418; baseline 0 -18"><span class='ocrx_word' id='word_1_100' title='bbox 252 1360 387 1418; x_wconf 85' lang='lat' dir='ltr'>agnosco,</span> <span class='ocrx_word' id='word_1_101' title='bbox 404 1343 493 1400; x_wconf 90' lang='lat' dir='ltr'>scelus</span> <span class='ocrx_word' id='word_1_102' title='bbox 509 1343 603 1398; x_wconf 89' lang='lat' dir='ltr'>anime</span> <span class='ocrx_word' id='word_1_103' title='bbox 619 1340 729 1417; x_wconf 79' lang='lat' dir='ltr'>pan&#39;),</span> <span class='ocrx_word' id='word_1_104' title='bbox 752 1343 878 1400; x_wconf 80' lang='lat' dir='ltr'>Amulio</span> <span class='ocrx_word' id='word_1_105' title='bbox 894 1350 922 1398; x_wconf 89' lang='lat' dir='ltr'>et</span> <span class='ocrx_word' id='word_1_106' title='bbox 937 1341 1086 1399; x_wconf 88' lang='lat' dir='ltr'>uiolentius</span> <span class='ocrx_word' id='word_1_107' title='bbox 1102 1352 1131 1399; x_wconf 88' lang='lat' dir='ltr'>et</span> <span class='ocrx_word' id='word_1_108' title='bbox 1146 1344 1205 1400; x_wconf 89' lang='lat' dir='ltr'>lan·</span> 
     </span>
     <span class='ocr_line' id='line_1_14' title="bbox 252 1425 1205 1502; baseline 0 -17"><span class='ocrx_word' id='word_1_109' title='bbox 252 1429 360 1502; x_wconf 82' lang='lat' dir='ltr'>gnidius</span> <span class='ocrx_word' id='word_1_110' title='bbox 376 1425 519 1485; x_wconf 71' lang='lat' dir='ltr'>‘ultimum</span> <span class='ocrx_word' id='word_1_111' title='bbox 540 1445 663 1501; x_wconf 87' lang='lat' dir='ltr'>magno</span> <span class='ocrx_word' id='word_1_112' title='bbox 686 1427 776 1484; x_wconf 87' lang='lat' dir='ltr'>scelus</span> <span class='ocrx_word' id='word_1_113' title='bbox 798 1427 887 1483; x_wconf 89' lang='lat' dir='ltr'>animo</span> <span class='ocrx_word' id='word_1_114' title='bbox 902 1445 928 1500; x_wconf 88' lang='lat' dir='ltr'>p.</span> <span class='ocrx_word' id='word_1_115' title='bbox 946 1426 993 1499; x_wconf 84' lang='lat' dir='ltr'>e.&#39;)</span> <span class='ocrx_word' id='word_1_116' title='bbox 1030 1427 1084 1482; x_wconf 67' lang='lat'>1³4</span> <span class='ocrx_word' id='word_1_117' title='bbox 1105 1446 1205 1485; x_wconf 82' lang='lat' dir='ltr'>saxosa</span> 
     </span>
     <span class='ocr_line' id='line_1_15' title="bbox 250 1511 1203 1586; baseline 0.002 -19"><span class='ocrx_word' id='word_1_118' title='bbox 250 1512 311 1570; x_wconf 87' lang='lat' dir='ltr'>loca</span> <span class='ocrx_word' id='word_1_119' title='bbox 334 1513 468 1586; x_wconf 88' lang='lat' dir='ltr'>parnetho</span> <span class='ocrx_word' id='word_1_120' title='bbox 485 1514 513 1567; x_wconf 88' lang='lat' dir='ltr'><em>E</em></span> <span class='ocrx_word' id='word_1_121' title='bbox 534 1511 564 1584; x_wconf 79' lang='grc'>(1.</span> <span class='ocrx_word' id='word_1_122' title='bbox 579 1529 602 1568; x_wconf 88' lang='grc'>0.</span> <span class='ocrx_word' id='word_1_123' title='bbox 619 1528 717 1568; x_wconf 81' lang='lat' dir='ltr'>saxoso</span> <span class='ocrx_word' id='word_1_124' title='bbox 739 1511 800 1567; x_wconf 90' lang='lat' dir='ltr'>loca</span> <span class='ocrx_word' id='word_1_125' title='bbox 814 1511 952 1583; x_wconf 82' lang='lat' dir='ltr'>Parnetlri)</span> <span class='ocrx_word' id='word_1_126' title='bbox 974 1529 1035 1568; x_wconf 80' lang='lat' dir='ltr'>saxa</span> <span class='ocrx_word' id='word_1_127' title='bbox 1057 1511 1118 1568; x_wconf 93' lang='lat' dir='ltr'>solo</span> <span class='ocrx_word' id='word_1_128' title='bbox 1142 1531 1203 1569; x_wconf 89' lang='lat' dir='ltr'>car·</span> 
     </span>
     <span class='ocr_line' id='line_1_16' title="bbox 251 1595 1203 1671; baseline 0.003 -18"><span class='ocrx_word' id='word_1_129' title='bbox 251 1606 351 1671; x_wconf 89' lang='lat' dir='ltr'>paneto</span> <span class='ocrx_word' id='word_1_130' title='bbox 367 1598 392 1653; x_wconf 98' lang='lat' dir='ltr'><em>A</em></span> <span class='ocrx_word' id='word_1_131' title='bbox 422 1596 476 1652; x_wconf 89' lang='lat' dir='ltr'>ibd.</span> <span class='ocrx_word' id='word_1_132' title='bbox 494 1596 536 1654; x_wconf 87' lang='grc'>30</span> <span class='ocrx_word' id='word_1_133' title='bbox 550 1596 613 1652; x_wconf 87' lang='lat' dir='ltr'>fluis</span> <span class='ocrx_word' id='word_1_134' title='bbox 629 1595 658 1668; x_wconf 88' lang='lat' dir='ltr'>(i.</span> <span class='ocrx_word' id='word_1_135' title='bbox 675 1614 698 1652; x_wconf 91' lang='lat' dir='ltr'>e.</span> <span class='ocrx_word' id='word_1_136' title='bbox 715 1595 843 1669; x_wconf 81' lang='lat' dir='ltr'>Plrlyeus)</span> <span class='ocrx_word' id='word_1_137' title='bbox 860 1598 888 1651; x_wconf 93' lang='grc' dir='ltr'><em>Ε</em></span> <span class='ocrx_word' id='word_1_138' title='bbox 907 1595 1020 1670; x_wconf 86' lang='lat' dir='ltr'>philipis</span> <span class='ocrx_word' id='word_1_139' title='bbox 1037 1598 1062 1653; x_wconf 98' lang='lat' dir='ltr'><em>A</em></span> <span class='ocrx_word' id='word_1_140' title='bbox 1088 1597 1143 1653; x_wconf 84' lang='lat' dir='ltr'>Pir.</span> <span class='ocrx_word' id='word_1_141' title='bbox 1162 1598 1203 1656; x_wconf 87' lang='grc'>26</span> 
     </span>
     <span class='ocr_line' id='line_1_17' title="bbox 252 1679 1207 1751; baseline 0.001 -13"><span class='ocrx_word' id='word_1_142' title='bbox 252 1682 328 1738; x_wconf 87' lang='grc'><strong>00100</strong></span> <span class='ocrx_word' id='word_1_143' title='bbox 348 1680 377 1751; x_wconf 90' lang='grc'>(1.</span> <span class='ocrx_word' id='word_1_144' title='bbox 399 1698 423 1737; x_wconf 90' lang='grc'>0.</span> <span class='ocrx_word' id='word_1_145' title='bbox 446 1679 549 1751; x_wconf 87' lang='lat' dir='ltr'>saeua)</span> <span class='ocrx_word' id='word_1_146' title='bbox 571 1681 600 1735; x_wconf 85' lang='lat' dir='ltr'><em>E</em></span> <span class='ocrx_word' id='word_1_147' title='bbox 627 1683 722 1736; x_wconf 90' lang='lat' dir='ltr'>totaA</span> <span class='ocrx_word' id='word_1_148' title='bbox 748 1680 845 1737; x_wconf 85' lang='grc' dir='ltr'><strong>Ρ145</strong></span> <span class='ocrx_word' id='word_1_149' title='bbox 861 1682 891 1735; x_wconf 91' lang='grc' dir='ltr'><em>Ε</em></span> <span class='ocrx_word' id='word_1_150' title='bbox 909 1681 1003 1738; x_wconf 88' lang='lat' dir='ltr'>habet:</span> <span class='ocrx_word' id='word_1_151' title='bbox 1026 1683 1111 1738; x_wconf 72' lang='lat' dir='ltr'>‘non</span> <span class='ocrx_word' id='word_1_152' title='bbox 1132 1684 1207 1749; x_wconf 59' lang='lat' dir='ltr'>ista⁴</span> 
     </span>
     <span class='ocr_line' id='line_1_18' title="bbox 251 1764 1204 1839; baseline 0.002 -18"><span class='ocrx_word' id='word_1_153' title='bbox 251 1768 368 1839; x_wconf 87' lang='lat' dir='ltr'>primum</span> <span class='ocrx_word' id='word_1_154' title='bbox 385 1765 472 1822; x_wconf 91' lang='lat' dir='ltr'>uelle’</span> <span class='ocrx_word' id='word_1_155' title='bbox 494 1765 659 1838; x_wconf 88' lang='lat' dir='ltr'>(correctum</span> <span class='ocrx_word' id='word_1_156' title='bbox 680 1764 713 1821; x_wconf 90' lang='lat' dir='ltr'>ab</span> <span class='ocrx_word' id='word_1_157' title='bbox 736 1765 765 1820; x_wconf 89' lang='lat' dir='ltr'>N.</span> <span class='ocrx_word' id='word_1_158' title='bbox 791 1765 916 1821; x_wconf 83' lang='lat' dir='ltr'>Heinsio:</span> <span class='ocrx_word' id='word_1_159' title='bbox 939 1766 1054 1821; x_wconf 88' lang='lat' dir='ltr'>honesta</span> <span class='ocrx_word' id='word_1_160' title='bbox 1071 1784 1098 1839; x_wconf 86' lang='lat' dir='ltr'>p.</span> <span class='ocrx_word' id='word_1_161' title='bbox 1116 1767 1154 1838; x_wconf 88' lang='lat' dir='ltr'>u.)</span> <span class='ocrx_word' id='word_1_162' title='bbox 1177 1769 1204 1823; x_wconf 93' lang='lat' dir='ltr'><em>A</em></span> 
     </span>
     <span class='ocr_line' id='line_1_19' title="bbox 253 1847 1204 1923; baseline 0.001 -17"><span class='ocrx_word' id='word_1_163' title='bbox 253 1853 411 1922; x_wconf 85' lang='lat' dir='ltr'>temptauit:</span> <span class='ocrx_word' id='word_1_164' title='bbox 436 1850 598 1908; x_wconf 72' lang='lat' dir='ltr'>‘obstare</span> <span class='ocrx_word' id='word_1_165' title='bbox 620 1868 661 1923; x_wconf 90' lang='lat' dir='ltr'>pr.</span> <span class='ocrx_word' id='word_1_166' title='bbox 683 1847 723 1905; x_wconf 86' lang='lat' dir='ltr'>u.&#39;</span> <span class='ocrx_word' id='word_1_167' title='bbox 754 1850 773 1905; x_wconf 85' lang='grc' dir='ltr'><strong>Ρ</strong></span> <span class='ocrx_word' id='word_1_168' title='bbox 791 1849 849 1906; x_wconf 82' lang='grc'>627</span> <span class='ocrx_word' id='word_1_169' title='bbox 868 1851 895 1904; x_wconf 93' lang='grc' dir='ltr'><em>Ε</em></span> <span class='ocrx_word' id='word_1_170' title='bbox 914 1850 1017 1922; x_wconf 80' lang='lat' dir='ltr'>‘regna</span> <span class='ocrx_word' id='word_1_171' title='bbox 1038 1853 1121 1908; x_wconf 89' lang='lat' dir='ltr'>tutari</span> <span class='ocrx_word' id='word_1_172' title='bbox 1143 1869 1204 1907; x_wconf 91' lang='lat' dir='ltr'>ur·</span> 
     </span>
     <span class='ocr_line' id='line_1_20' title="bbox 251 1935 1202 2008; baseline 0.002 -17"><span class='ocrx_word' id='word_1_173' title='bbox 251 1935 360 1991; x_wconf 88' lang='lat' dir='ltr'>binm&#39;</span> <span class='ocrx_word' id='word_1_174' title='bbox 377 1939 425 1992; x_wconf 90' lang='lat' dir='ltr'>i.e.</span> <span class='ocrx_word' id='word_1_175' title='bbox 442 1937 568 2000; x_wconf 90' lang='lat' dir='ltr'>uirum,</span> <span class='ocrx_word' id='word_1_176' title='bbox 585 1937 610 1990; x_wconf 91' lang='lat' dir='ltr'><em>A</em></span> <span class='ocrx_word' id='word_1_177' title='bbox 626 1953 640 1990; x_wconf 93' lang='lat' dir='ltr'>a</span> <span class='ocrx_word' id='word_1_178' title='bbox 656 1935 782 2006; x_wconf 83' lang='lat' dir='ltr'>uestigiis</span> <span class='ocrx_word' id='word_1_179' title='bbox 795 1951 876 1992; x_wconf 84' lang='lat' dir='ltr'>uerae</span> <span class='ocrx_word' id='word_1_180' title='bbox 888 1935 1040 2008; x_wconf 88' lang='lat' dir='ltr'>scripturae</span> <span class='ocrx_word' id='word_1_181' title='bbox 1051 1935 1202 1993; x_wconf 88' lang='lat' dir='ltr'>recedens:</span> 
     </span>
     <span class='ocr_line' id='line_1_21' title="bbox 251 2018 1203 2093; baseline 0.003 -18"><span class='ocrx_word' id='word_1_182' title='bbox 251 2037 273 2074; x_wconf 91' lang='lat' dir='ltr'>r.</span> <span class='ocrx_word' id='word_1_183' title='bbox 292 2029 309 2075; x_wconf 89' lang='grc'>1.</span> <span class='ocrx_word' id='word_1_184' title='bbox 326 2022 449 2093; x_wconf 87' lang='lat' dir='ltr'>patris.</span> <span class='ocrx_word' id='word_1_185' title='bbox 481 2019 535 2075; x_wconf 87' lang='grc'><strong>010.</strong></span> <span class='ocrx_word' id='word_1_186' title='bbox 552 2018 591 2074; x_wconf 88' lang='grc'>22</span> <span class='ocrx_word' id='word_1_187' title='bbox 609 2038 629 2074; x_wconf 88' lang='grc'>0.</span> <span class='ocrx_word' id='word_1_188' title='bbox 647 2019 704 2075; x_wconf 74' lang='lat' dir='ltr'>‘uel</span> <span class='ocrx_word' id='word_1_189' title='bbox 720 2036 773 2092; x_wconf 90' lang='lat' dir='ltr'>qua</span> <span class='ocrx_word' id='word_1_190' title='bbox 789 2018 842 2076; x_wconf 90' lang='lat' dir='ltr'>alta</span> <span class='ocrx_word' id='word_1_191' title='bbox 858 2019 941 2075; x_wconf 90' lang='lat' dir='ltr'>maria</span> <span class='ocrx_word' id='word_1_192' title='bbox 957 2021 1060 2075; x_wconf 88' lang='lat' dir='ltr'>uertice</span> <span class='ocrx_word' id='word_1_193' title='bbox 1075 2022 1203 2078; x_wconf 93' lang='lat' dir='ltr'>inmenso</span> 
     </span>
     <span class='ocr_line' id='line_1_22' title="bbox 251 2103 1203 2177; baseline 0.003 -19"><span class='ocrx_word' id='word_1_194' title='bbox 251 2105 351 2177; x_wconf 88' lang='lat' dir='ltr'>premit</span> <span class='ocrx_word' id='word_1_195' title='bbox 367 2106 457 2160; x_wconf 87' lang='lat' dir='ltr'>minor</span> <span class='ocrx_word' id='word_1_196' title='bbox 472 2105 573 2177; x_wconf 88' lang='lat' dir='ltr'>rupes&#39;</span> <span class='ocrx_word' id='word_1_197' title='bbox 590 2105 619 2158; x_wconf 91' lang='grc' dir='ltr'><em>Ε</em></span> <span class='ocrx_word' id='word_1_198' title='bbox 640 2107 657 2159; x_wconf 90' lang='grc'>1.</span> <span class='ocrx_word' id='word_1_199' title='bbox 671 2121 694 2160; x_wconf 75' lang='lat' dir='ltr'>e,</span> <span class='ocrx_word' id='word_1_200' title='bbox 711 2104 820 2159; x_wconf 91' lang='lat' dir='ltr'>minora</span> <span class='ocrx_word' id='word_1_201' title='bbox 837 2112 867 2159; x_wconf 91' lang='lat' dir='ltr'>ut</span> <span class='ocrx_word' id='word_1_202' title='bbox 883 2103 952 2159; x_wconf 92' lang='lat' dir='ltr'>uidit</span> <span class='ocrx_word' id='word_1_203' title='bbox 965 2103 1088 2160; x_wconf 88' lang='lat' dir='ltr'>Bothius.</span> <span class='ocrx_word' id='word_1_204' title='bbox 1120 2107 1145 2160; x_wconf 90' lang='lat' dir='ltr'><em>A</em></span> <span class='ocrx_word' id='word_1_205' title='bbox 1163 2113 1203 2161; x_wconf 90' lang='lat' dir='ltr'>ta·</span> 
     </span>
     <span class='ocr_line' id='line_1_23' title="bbox 251 2188 1144 2261; baseline 0 -17"><span class='ocrx_word' id='word_1_206' title='bbox 251 2205 312 2245; x_wconf 90' lang='lat' dir='ltr'>meu</span> <span class='ocrx_word' id='word_1_207' title='bbox 328 2190 431 2245; x_wconf 88' lang='lat' dir='ltr'>maiora</span> <span class='ocrx_word' id='word_1_208' title='bbox 447 2206 529 2244; x_wconf 89' lang='lat' dir='ltr'>ausus</span> <span class='ocrx_word' id='word_1_209' title='bbox 544 2189 652 2261; x_wconf 87' lang='lat' dir='ltr'>posuit:</span> <span class='ocrx_word' id='word_1_210' title='bbox 676 2188 809 2261; x_wconf 85' lang='lat' dir='ltr'>lneque</span> <span class='ocrx_word' id='word_1_211' title='bbox 824 2204 1006 2261; x_wconf 86' lang='lat' dir='ltr'>praeceps.</span> <span class='ocrx_word' id='word_1_212' title='bbox 1141 2248 1144 2257; x_wconf 50' lang='grc'><em>,</em></span> 
     </span>
     <span class='ocr_line' id='line_1_24' title="bbox 314 2271 1201 2346; baseline 0.001 -18"><span class='ocrx_word' id='word_1_213' title='bbox 314 2273 454 2329; x_wconf 82' lang='lat' dir='ltr'>Accedunt</span> <span class='ocrx_word' id='word_1_214' title='bbox 478 2271 529 2328; x_wconf 90' lang='lat' dir='ltr'>alia</span> <span class='ocrx_word' id='word_1_215' title='bbox 551 2281 670 2329; x_wconf 89' lang='lat' dir='ltr'>mutatae</span> <span class='ocrx_word' id='word_1_216' title='bbox 693 2274 820 2329; x_wconf 89' lang='lat' dir='ltr'>lectionis</span> <span class='ocrx_word' id='word_1_217' title='bbox 841 2272 961 2346; x_wconf 84' lang='lat' dir='ltr'>exempla</span> <span class='ocrx_word' id='word_1_218' title='bbox 982 2275 1020 2328; x_wconf 91' lang='lat' dir='ltr'>ita</span> <span class='ocrx_word' id='word_1_219' title='bbox 1042 2282 1201 2346; x_wconf 87' lang='lat' dir='ltr'>conparata,</span> 
     </span>
     <span class='ocr_line' id='line_1_25' title="bbox 239 2356 1202 2431; baseline -0.001 -17"><span class='ocrx_word' id='word_1_220' title='bbox 239 2369 282 2423; x_wconf 87' lang='lat' dir='ltr'>ut</span> <span class='ocrx_word' id='word_1_221' title='bbox 297 2361 322 2413; x_wconf 94' lang='lat' dir='ltr'><em>A</em></span> <span class='ocrx_word' id='word_1_222' title='bbox 337 2358 507 2414; x_wconf 84' lang='lat' dir='ltr'>recensionis</span> <span class='ocrx_word' id='word_1_223' title='bbox 523 2366 633 2420; x_wconf 89' lang='lat' dir='ltr'>auctor,</span> <span class='ocrx_word' id='word_1_224' title='bbox 657 2375 737 2431; x_wconf 90' lang='lat' dir='ltr'>quem</span> <span class='ocrx_word' id='word_1_225' title='bbox 754 2358 832 2413; x_wconf 86' lang='lat' dir='ltr'>iacile</span> <span class='ocrx_word' id='word_1_226' title='bbox 853 2356 1038 2430; x_wconf 78' lang='lat' dir='ltr'>intellegimus</span> <span class='ocrx_word' id='word_1_227' title='bbox 1061 2357 1202 2413; x_wconf 87' lang='lat' dir='ltr'>hominem</span> 
     </span>
     <span class='ocr_line' id='line_1_26' title="bbox 250 2441 1201 2515; baseline -0.001 -16"><span class='ocrx_word' id='word_1_228' title='bbox 250 2443 337 2500; x_wconf 90' lang='lat' dir='ltr'>luisse</span> <span class='ocrx_word' id='word_1_229' title='bbox 353 2461 404 2500; x_wconf 89' lang='lat' dir='ltr'>neo</span> <span class='ocrx_word' id='word_1_230' title='bbox 420 2459 532 2515; x_wconf 83' lang='lat' dir='ltr'>magnae</span> <span class='ocrx_word' id='word_1_231' title='bbox 547 2442 686 2499; x_wconf 88' lang='lat' dir='ltr'>doctrinae</span> <span class='ocrx_word' id='word_1_232' title='bbox 703 2460 751 2499; x_wconf 89' lang='grc'>000</span> <span class='ocrx_word' id='word_1_233' title='bbox 767 2443 899 2498; x_wconf 80' lang='lat' dir='ltr'>acutioris</span> <span class='ocrx_word' id='word_1_234' title='bbox 915 2442 1007 2515; x_wconf 85' lang='lat' dir='ltr'>ingeni</span> <span class='ocrx_word' id='word_1_235' title='bbox 1024 2457 1079 2496; x_wconf 91' lang='lat' dir='ltr'>non</span> <span class='ocrx_word' id='word_1_236' title='bbox 1097 2441 1201 2498; x_wconf 90' lang='lat' dir='ltr'>medio·</span> 
     </span>
     <span class='ocr_line' id='line_1_27' title="bbox 251 2525 1199 2601; baseline -0.002 -17"><span class='ocrx_word' id='word_1_237' title='bbox 251 2528 305 2584; x_wconf 89' lang='lat' dir='ltr'>cris</span> <span class='ocrx_word' id='word_1_238' title='bbox 328 2537 417 2583; x_wconf 89' lang='lat' dir='ltr'>tamen</span> <span class='ocrx_word' id='word_1_239' title='bbox 439 2536 466 2582; x_wconf 88' lang='lat' dir='ltr'>ot</span> <span class='ocrx_word' id='word_1_240' title='bbox 486 2529 553 2585; x_wconf 92' lang='lat' dir='ltr'>mira</span> <span class='ocrx_word' id='word_1_241' title='bbox 569 2545 620 2601; x_wconf 87' lang='lat' dir='ltr'>pro</span> <span class='ocrx_word' id='word_1_242' title='bbox 642 2536 766 2600; x_wconf 89' lang='lat' dir='ltr'>tempore</span> <span class='ocrx_word' id='word_1_243' title='bbox 788 2526 835 2582; x_wconf 92' lang='lat' dir='ltr'>illo</span> <span class='ocrx_word' id='word_1_244' title='bbox 858 2525 983 2588; x_wconf 87' lang='lat' dir='ltr'>audacia,</span> <span class='ocrx_word' id='word_1_245' title='bbox 1008 2528 1146 2581; x_wconf 89' lang='lat' dir='ltr'>incertum</span> <span class='ocrx_word' id='word_1_246' title='bbox 1163 2528 1199 2582; x_wconf 92' lang='lat' dir='ltr'>sit</span> 
     </span>
     <span class='ocr_line' id='line_1_28' title="bbox 250 2611 1199 2685; baseline -0.001 -18"><span class='ocrx_word' id='word_1_247' title='bbox 250 2620 343 2667; x_wconf 89' lang='lat' dir='ltr'>utrum</span> <span class='ocrx_word' id='word_1_248' title='bbox 365 2612 527 2683; x_wconf 86' lang='lat' dir='ltr'>scripturam</span> <span class='ocrx_word' id='word_1_249' title='bbox 549 2613 688 2685; x_wconf 79' lang='lat' dir='ltr'>archetypi</span> <span class='ocrx_word' id='word_1_250' title='bbox 711 2612 860 2667; x_wconf 88' lang='lat' dir='ltr'>mutauerit</span> <span class='ocrx_word' id='word_1_251' title='bbox 881 2627 911 2666; x_wconf 91' lang='grc'>00</span> <span class='ocrx_word' id='word_1_252' title='bbox 933 2628 998 2668; x_wconf 87' lang='grc'><strong>0000</strong></span> <span class='ocrx_word' id='word_1_253' title='bbox 1020 2611 1199 2684; x_wconf 77' lang='lat' dir='ltr'>deprauatarn</span> 
     </span>
     <span class='ocr_line' id='line_1_29' title="bbox 251 2694 1201 2770; baseline -0.001 -18"><span class='ocrx_word' id='word_1_254' title='bbox 251 2713 284 2752; x_wconf 91' lang='lat' dir='ltr'>an</span> <span class='ocrx_word' id='word_1_255' title='bbox 305 2697 492 2769; x_wconf 85' lang='lat' dir='ltr'>incorruptam</span> <span class='ocrx_word' id='word_1_256' title='bbox 507 2714 558 2769; x_wconf 91' lang='lat' dir='ltr'>pro</span> <span class='ocrx_word' id='word_1_257' title='bbox 574 2704 705 2770; x_wconf 87' lang='lat' dir='ltr'>corrupta</span> <span class='ocrx_word' id='word_1_258' title='bbox 720 2695 822 2751; x_wconf 87' lang='lat' dir='ltr'>habens</span> <span class='ocrx_word' id='word_1_259' title='bbox 841 2726 876 2736; x_wconf 93' lang='lat'>-</span> <span class='ocrx_word' id='word_1_260' title='bbox 896 2696 954 2751; x_wconf 90' lang='grc'><strong>0100</strong></span> <span class='ocrx_word' id='word_1_261' title='bbox 975 2694 1080 2751; x_wconf 91' lang='lat' dir='ltr'>dicendi</span> <span class='ocrx_word' id='word_1_262' title='bbox 1097 2709 1201 2768; x_wconf 84' lang='lat' dir='ltr'>genere</span> 
     </span>
     <span class='ocr_line' id='line_1_30' title="bbox 250 2779 1201 2854; baseline 0.002 -20"><span class='ocrx_word' id='word_1_263' title='bbox 250 2780 277 2834; x_wconf 93' lang='grc'>10</span> <span class='ocrx_word' id='word_1_264' title='bbox 296 2780 445 2853; x_wconf 89' lang='lat' dir='ltr'>tragoediis</span> <span class='ocrx_word' id='word_1_265' title='bbox 470 2781 618 2854; x_wconf 83' lang='lat' dir='ltr'>conspicuo</span> <span class='ocrx_word' id='word_1_266' title='bbox 635 2798 731 2854; x_wconf 89' lang='lat' dir='ltr'>parum</span> <span class='ocrx_word' id='word_1_267' title='bbox 754 2780 893 2837; x_wconf 89' lang='lat' dir='ltr'>intellecto</span> <span class='ocrx_word' id='word_1_268' title='bbox 910 2781 969 2837; x_wconf 88' lang='lat' dir='ltr'>siue</span> <span class='ocrx_word' id='word_1_269' title='bbox 991 2779 1064 2853; x_wconf 90' lang='lat' dir='ltr'>quod</span> <span class='ocrx_word' id='word_1_270' title='bbox 1086 2787 1201 2836; x_wconf 89' lang='lat' dir='ltr'>senten·</span> 
     </span>
     <span class='ocr_line' id='line_1_31' title="bbox 252 2864 1201 2936; baseline 0 -17"><span class='ocrx_word' id='word_1_271' title='bbox 252 2864 349 2921; x_wconf 89' lang='lat' dir='ltr'>tiaram</span> <span class='ocrx_word' id='word_1_272' title='bbox 372 2866 492 2936; x_wconf 81' lang='lat' dir='ltr'>argutias</span> <span class='ocrx_word' id='word_1_273' title='bbox 514 2882 568 2922; x_wconf 92' lang='lat' dir='ltr'>non</span> <span class='ocrx_word' id='word_1_274' title='bbox 590 2874 734 2925; x_wconf 86' lang='lat' dir='ltr'>assecutus</span> <span class='ocrx_word' id='word_1_275' title='bbox 755 2874 797 2921; x_wconf 90' lang='grc'>001</span> <span class='ocrx_word' id='word_1_276' title='bbox 816 2896 850 2905; x_wconf 98' lang='grc'>-</span> <span class='ocrx_word' id='word_1_277' title='bbox 869 2864 1061 2921; x_wconf 87' lang='lat' dir='ltr'>emendandam</span> <span class='ocrx_word' id='word_1_278' title='bbox 1084 2880 1201 2920; x_wconf 88' lang='lat' dir='ltr'>censue·</span> 
     </span>
     <span class='ocr_line' id='line_1_32' title="bbox 250 2947 1199 3022; baseline 0 -17"><span class='ocrx_word' id='word_1_279' title='bbox 250 2951 294 3006; x_wconf 89' lang='lat' dir='ltr'>rit.</span> <span class='ocrx_word' id='word_1_280' title='bbox 325 2949 411 3006; x_wconf 84' lang='lat' dir='ltr'>liuius</span> <span class='ocrx_word' id='word_1_281' title='bbox 433 2952 540 3022; x_wconf 89' lang='lat' dir='ltr'>generis</span> <span class='ocrx_word' id='word_1_282' title='bbox 557 2967 619 3006; x_wconf 90' lang='lat' dir='ltr'>oum</span> <span class='ocrx_word' id='word_1_283' title='bbox 640 2950 691 3007; x_wconf 91' lang='lat' dir='ltr'>alia</span> <span class='ocrx_word' id='word_1_284' title='bbox 706 2950 791 3006; x_wconf 89' lang='lat' dir='ltr'>multa</span> <span class='ocrx_word' id='word_1_285' title='bbox 808 2959 872 3006; x_wconf 91' lang='lat' dir='ltr'>sunt</span> <span class='ocrx_word' id='word_1_286' title='bbox 892 2959 949 3007; x_wconf 88' lang='lat' dir='ltr'>tum</span> <span class='ocrx_word' id='word_1_287' title='bbox 970 2950 1066 3004; x_wconf 89' lang='lat' dir='ltr'>haece:</span> <span class='ocrx_word' id='word_1_288' title='bbox 1091 2948 1140 3004; x_wconf 82' lang='lat' dir='ltr'>Th.</span> <span class='ocrx_word' id='word_1_289' title='bbox 1158 2947 1199 3005; x_wconf 83' lang='lat'>53</span> 
     </span>
     <span class='ocr_line' id='line_1_33' title="bbox 251 3031 1201 3106; baseline -0.001 -19"><span class='ocrx_word' id='word_1_290' title='bbox 251 3033 325 3106; x_wconf 88' lang='lat' dir='ltr'>inple</span> <span class='ocrx_word' id='word_1_291' title='bbox 340 3034 453 3091; x_wconf 84' lang='lat' dir='ltr'>Tantalo</span> <span class='ocrx_word' id='word_1_292' title='bbox 471 3043 555 3090; x_wconf 88' lang='lat' dir='ltr'>totam</span> <span class='ocrx_word' id='word_1_293' title='bbox 571 3036 680 3092; x_wconf 91' lang='lat' dir='ltr'>domum</span> <span class='ocrx_word' id='word_1_294' title='bbox 695 3035 724 3090; x_wconf 91' lang='grc' dir='ltr'><em>Ε</em></span> <span class='ocrx_word' id='word_1_295' title='bbox 746 3038 762 3090; x_wconf 95' lang='grc'>1.</span> <span class='ocrx_word' id='word_1_296' title='bbox 780 3035 915 3091; x_wconf 87' lang='grc'><strong>0001000</strong></span> <span class='ocrx_word' id='word_1_297' title='bbox 932 3031 1125 3090; x_wconf 87' lang='lat' dir='ltr'>tantaleam</span> <span class='ocrx_word' id='word_1_298' title='bbox 1149 3032 1201 3087; x_wconf 92' lang='lat' dir='ltr'>do·</span> 
     </span>
    </p>
   </div>
   <div class='ocr_carea' id='block_1_3' title="bbox 250 3116 1206 3615">
    <p class='ocr_par' dir='ltr' id='par_1_3' title="bbox 250 3116 1206 3615">
     <span class='ocr_line' id='line_1_34' title="bbox 251 3116 1200 3193; baseline 0 -19"><span class='ocrx_word' id='word_1_299' title='bbox 251 3121 364 3175; x_wconf 88' lang='lat' dir='ltr'>mumA</span> <span class='ocrx_word' id='word_1_300' title='bbox 395 3120 447 3176; x_wconf 82' lang='grc'><strong>1101.</strong></span> <span class='ocrx_word' id='word_1_301' title='bbox 466 3119 546 3178; x_wconf 87' lang='grc'><strong>1109</strong></span> <span class='ocrx_word' id='word_1_302' title='bbox 570 3121 694 3177; x_wconf 91' lang='lat' dir='ltr'>hauseris</span> <span class='ocrx_word' id='word_1_303' title='bbox 710 3119 785 3193; x_wconf 85' lang='lat' dir='ltr'>angit</span> <span class='ocrx_word' id='word_1_304' title='bbox 805 3120 835 3174; x_wconf 91' lang='grc' dir='ltr'><em>Ε</em></span> <span class='ocrx_word' id='word_1_305' title='bbox 862 3119 890 3175; x_wconf 90' lang='lat' dir='ltr'>h.</span> <span class='ocrx_word' id='word_1_306' title='bbox 914 3118 1047 3191; x_wconf 87' lang='lat' dir='ltr'>tangitA</span> <span class='ocrx_word' id='word_1_307' title='bbox 1076 3116 1200 3174; x_wconf 74' lang='lat' dir='ltr'><strong>P1187</strong></span> 
     </span>
     <span class='ocr_line' id='line_1_35' title="bbox 251 3202 1203 3279; baseline 0 -21"><span class='ocrx_word' id='word_1_308' title='bbox 251 3203 391 3277; x_wconf 89' lang='lat' dir='ltr'>animaque</span> <span class='ocrx_word' id='word_1_309' title='bbox 413 3204 560 3262; x_wconf 84' lang='lat' dir='ltr'>Phaedram</span> <span class='ocrx_word' id='word_1_310' title='bbox 587 3208 691 3279; x_wconf 85' lang='lat' dir='ltr'>pariter</span> <span class='ocrx_word' id='word_1_311' title='bbox 715 3221 747 3259; x_wconf 89' lang='lat' dir='ltr'>ao</span> <span class='ocrx_word' id='word_1_312' title='bbox 768 3203 871 3260; x_wconf 89' lang='lat' dir='ltr'>scelere</span> <span class='ocrx_word' id='word_1_313' title='bbox 894 3220 989 3259; x_wconf 82' lang='lat' dir='ltr'>ernam</span> <span class='ocrx_word' id='word_1_314' title='bbox 1013 3202 1043 3256; x_wconf 92' lang='grc' dir='ltr'><em>Ε</em></span> <span class='ocrx_word' id='word_1_315' title='bbox 1085 3218 1108 3257; x_wconf 92' lang='grc'>0.</span> <span class='ocrx_word' id='word_1_316' title='bbox 1133 3218 1203 3258; x_wconf 88' lang='lat' dir='ltr'>mc·</span> 
     </span>
     <span class='ocr_line' id='line_1_36' title="bbox 250 3285 1206 3362; baseline 0 -20"><span class='ocrx_word' id='word_1_317' title='bbox 250 3297 318 3342; x_wconf 91' lang='lat' dir='ltr'>met</span> <span class='ocrx_word' id='word_1_318' title='bbox 338 3306 365 3361; x_wconf 89' lang='lat' dir='ltr'>p.</span> <span class='ocrx_word' id='word_1_319' title='bbox 382 3308 405 3345; x_wconf 90' lang='lat' dir='ltr'>a.</span> <span class='ocrx_word' id='word_1_320' title='bbox 421 3307 443 3345; x_wconf 90' lang='lat' dir='ltr'>s.</span> <span class='ocrx_word' id='word_1_321' title='bbox 460 3307 483 3347; x_wconf 92' lang='lat' dir='ltr'>e.</span> <span class='ocrx_word' id='word_1_322' title='bbox 500 3293 532 3345; x_wconf 88' lang='lat' dir='ltr'>A.</span> <span class='ocrx_word' id='word_1_323' title='bbox 564 3291 619 3345; x_wconf 88' lang='grc'><strong>010.</strong></span> <span class='ocrx_word' id='word_1_324' title='bbox 637 3288 697 3346; x_wconf 84' lang='grc'>233</span> <span class='ocrx_word' id='word_1_325' title='bbox 719 3289 848 3362; x_wconf 89' lang='lat' dir='ltr'>quicquid</span> <span class='ocrx_word' id='word_1_326' title='bbox 864 3289 929 3344; x_wconf 87' lang='lat' dir='ltr'>mihi</span> <span class='ocrx_word' id='word_1_327' title='bbox 944 3287 1067 3344; x_wconf 89' lang='lat' dir='ltr'>donastis</span> <span class='ocrx_word' id='word_1_328' title='bbox 1083 3285 1156 3342; x_wconf 88' lang='lat' dir='ltr'>oculi</span> <span class='ocrx_word' id='word_1_329' title='bbox 1172 3287 1206 3342; x_wconf 88' lang='grc' dir='ltr'><em>Ε</em></span> 
     </span>
     <span class='ocr_line' id='line_1_37' title="bbox 250 3370 1204 3447; baseline -0.002 -19"><span class='ocrx_word' id='word_1_330' title='bbox 250 3373 383 3444; x_wconf 84' lang='lat' dir='ltr'>negastis</span> <span class='ocrx_word' id='word_1_331' title='bbox 411 3392 452 3432; x_wconf 92' lang='lat' dir='ltr'>oc.</span> <span class='ocrx_word' id='word_1_332' title='bbox 473 3375 498 3429; x_wconf 90' lang='lat' dir='ltr'><em>A</em></span> <span class='ocrx_word' id='word_1_333' title='bbox 526 3375 576 3447; x_wconf 84' lang='lat' dir='ltr'>Ag.</span> <span class='ocrx_word' id='word_1_334' title='bbox 600 3373 641 3431; x_wconf 83' lang='grc'>84</span> <span class='ocrx_word' id='word_1_335' title='bbox 663 3375 759 3429; x_wconf 87' lang='lat' dir='ltr'>nimias</span> <span class='ocrx_word' id='word_1_336' title='bbox 775 3390 883 3447; x_wconf 88' lang='lat' dir='ltr'>semper</span> <span class='ocrx_word' id='word_1_337' title='bbox 904 3374 1031 3430; x_wconf 90' lang='lat' dir='ltr'>comitata</span> <span class='ocrx_word' id='word_1_338' title='bbox 1053 3371 1150 3427; x_wconf 90' lang='lat' dir='ltr'>domos</span> <span class='ocrx_word' id='word_1_339' title='bbox 1171 3370 1204 3426; x_wconf 89' lang='lat' dir='ltr'><em>E</em></span> 
     </span>
     <span class='ocr_line' id='line_1_38' title="bbox 252 3455 1202 3532; baseline 0.002 -22"><span class='ocrx_word' id='word_1_340' title='bbox 252 3457 400 3516; x_wconf 88' lang='lat' dir='ltr'>tumidas</span> <span class='ocrx_word' id='word_1_341' title='bbox 422 3478 445 3516; x_wconf 94' lang='grc'>0.</span> <span class='ocrx_word' id='word_1_342' title='bbox 469 3477 492 3515; x_wconf 90' lang='grc'>0.</span> <span class='ocrx_word' id='word_1_343' title='bbox 515 3460 540 3515; x_wconf 86' lang='grc'>01.</span> <span class='ocrx_word' id='word_1_344' title='bbox 563 3460 588 3513; x_wconf 92' lang='lat' dir='ltr'><em>A</em></span> <span class='ocrx_word' id='word_1_345' title='bbox 618 3457 671 3513; x_wconf 93' lang='lat' dir='ltr'>ibd.</span> <span class='ocrx_word' id='word_1_346' title='bbox 689 3458 748 3514; x_wconf 84' lang='lat'>317</span> <span class='ocrx_word' id='word_1_347' title='bbox 767 3457 872 3514; x_wconf 89' lang='lat' dir='ltr'>thebais</span> <span class='ocrx_word' id='word_1_348' title='bbox 889 3457 1035 3532; x_wconf 88' lang='lat' dir='ltr'>hospesE</span> <span class='ocrx_word' id='word_1_349' title='bbox 1065 3455 1202 3512; x_wconf 87' lang='lat' dir='ltr'>thebana</span> 
     </span>
     <span class='ocr_line' id='line_1_39' title="bbox 250 3540 1205 3615; baseline -0.001 -18"><span class='ocrx_word' id='word_1_350' title='bbox 250 3557 366 3599; x_wconf 89' lang='lat' dir='ltr'>manns</span> <span class='ocrx_word' id='word_1_351' title='bbox 387 3546 413 3602; x_wconf 94' lang='lat' dir='ltr'><em>A</em></span> <span class='ocrx_word' id='word_1_352' title='bbox 442 3542 574 3602; x_wconf 81' lang='grc'><strong>1101435</strong></span> <span class='ocrx_word' id='word_1_353' title='bbox 597 3543 679 3600; x_wconf 89' lang='lat' dir='ltr'>ellare</span> <span class='ocrx_word' id='word_1_354' title='bbox 699 3559 779 3601; x_wconf 89' lang='lat' dir='ltr'>casus</span> <span class='ocrx_word' id='word_1_355' title='bbox 795 3543 857 3615; x_wconf 88' lang='lat' dir='ltr'>quis</span> <span class='ocrx_word' id='word_1_356' title='bbox 875 3552 948 3601; x_wconf 89' lang='lat' dir='ltr'>rates</span> <span class='ocrx_word' id='word_1_357' title='bbox 964 3541 1057 3599; x_wconf 90' lang='lat' dir='ltr'>hausit</span> <span class='ocrx_word' id='word_1_358' title='bbox 1077 3556 1151 3597; x_wconf 89' lang='lat' dir='ltr'>meas</span> <span class='ocrx_word' id='word_1_359' title='bbox 1172 3540 1205 3597; x_wconf 83' lang='lat' dir='ltr'><em>E</em></span> 
     </span>
    </p>
   </div>
   <div class='ocr_carea' id='block_1_4' title="bbox 0 0 1272 4046">
    <p class='ocr_par' dir='ltr' id='par_1_4' title="bbox 0 0 1272 4046">
     <span class='ocr_line' id='line_1_40' title="bbox 0 0 1272 4046; baseline 0 0"><span class='ocrx_word' id='word_1_360' title='bbox 0 0 1272 4046; x_wconf 95' lang='lat' dir='ltr'> </span> 
     </span>
    </p>
   </div>
  </div>
 </body>
</html>
