2484 4044
369 283 552 333 naacvaas
570 270 758 353 [ourauvs]
959 270 1022 334 447
1032 240 1034 244 ⁸

101 423 156 485 ubi
173 424 251 484 enim
267 432 372 503 negata
389 425 451 485 est?
475 423 555 502 quod
570 423 623 484 tibi
638 422 739 484 infelix
755 441 829 486 anus

99 527 246 588 quaeram
263 506 453 588 sepulcrum?
476 509 586 569 deluis
602 515 681 569 lotus
696 509 777 585 rogis

100 593 266 655 contendat
281 592 372 653 orbis.
405 592 547 673 reliquias
563 595 662 672 magni
677 592 814 653 Herculis

28 746 33 755 ¹
101 678 171 757 quis
186 677 316 756 populus
331 686 382 738 aul
396 696 472 758 quae
488 676 597 756 templa
613 696 689 756 quae
704 686 807 755 gentes
824 677 939 740 colenll

101 763 171 843 quis
187 764 243 823 iam
260 769 355 842 pelet,
373 765 439 841 quis
455 770 558 841 poscet
571 762 727 823 Alcmenes
743 762 838 824 onusl
1042 769 1108 818 1830

102 866 181 928 quae
197 846 249 907 libi
264 846 421 924 sepulchra
439 854 541 925 gnate,
559 849 627 926 quis
642 847 772 908 tumulus
787 855 832 908 sat
847 847 909 908 est?

100 933 153 993 hic
169 938 247 992 totus
262 930 360 1001 orbis,
377 930 453 991 lama
473 934 530 993 erit
546 930 645 992 titulus
660 931 722 992 tibi.

101 1016 175 1098 quid
192 1018 290 1076 anime
306 1016 454 1095 trepidas?
477 1015 613 1077 Herculis
629 1017 744 1079 cineres
760 1025 853 1078 tenes.

102 1100 296 1180 conplectere
312 1118 395 1162 ossa:
418 1101 561 1180 reliquiae
576 1100 717 1162 auxilium
734 1101 862 1169 dabunt,

103 1195 194 1247 eruut
208 1194 253 1246 sat
267 1188 344 1249 boec
359 1185 521 1264 praesidia:
546 1185 708 1247 terrebunt>
717 1196 783 1247 luae
1041 1190 1108 1241 1838

101 1287 192 1347 reges
208 1269 255 1331 uel
271 1270 405 1332 umbrae.

102 1368 185 1416 HYL.
451 1354 567 1416 debitos
582 1363 652 1415 nato
669 1354 787 1434 quidem

105 1456 253 1516 conpesce
268 1438 355 1499 llelus
370 1448 465 1499 mater
480 1438 600 1500 Alcidae
615 1437 726 1499 incluti.

105 1541 167 1584 non
184 1532 229 1583 est
242 1523 407 1600 gemendus
422 1541 478 1585 nec
493 1524 579 1600 graui
595 1523 747 1602 urgendos
756 1542 853 1601 prece

103 1610 214 1669 uirtute
230 1609 363 1687 quisquis
378 1607 498 1670 abstulit
513 1609 579 1669 latis
594 1609 661 1670 iter.

104 1701 226 1755 aeterna
243 1694 338 1753 uirtus
354 1692 512 1754 Herculem
528 1692 594 1754 fleri
611 1700 698 1754 uetat.

104 1779 196 1838 sortes
212 1784 313 1838 uetant
327 1795 463 1839 maerere
478 1777 642 1856 degeneres
656 1777 768 1840 iubeul.

102 1875 209 1923 lucu.
226 1862 336 1924 sedabo
352 1863 491 1941 questus?
515 1862 634 1925 uindice
649 1864 756 1924 amisso
772 1871 875 1942 patent

105 1956 184 2008 terra
200 1955 288 2027 alque
303 1946 427 2027 pelagus
443 1966 578 2027 quaeque
593 1964 765 2026 purpureas
780 1947 844 2009 dies

105 2036 255 2113 utrimque
270 2031 348 2093 clara
365 2040 478 2110 special
493 2050 605 2093 oceano
621 2039 697 2093 rota.

106 2126 176 2195 quot
193 2118 300 2177 misera
316 2118 345 2175 in
362 2134 422 2176 ono
438 2116 557 2176 condidi
573 2124 657 2177 natos
673 2116 802 2194 parens?

104 2219 198 2279 regno
214 2200 370 2269 carebam,
387 2218 478 2277 regna
494 2200 546 2261 scd
562 2210 697 2279 poteram
713 2200 794 2260 dare.

105 2304 162 2347 uua
177 2288 253 2346 inter
270 2302 374 2345 omnes
390 2292 469 2344 terra
485 2302 559 2361 quas
573 2293 687 2347 matres
700 2286 776 2362 gerit

173 2421 239 2469 1886
262 2424 366 2484 negata
391 2423 433 2470 est
456 2419 605 2483 sauppe
636 2424 678 2469 est
702 2434 747 2471 ona.
771 2420 796 2469 A
827 2420 889 2470 Vni
916 2429 1022 2488 negaba

106 2488 183 2538 Gran.
208 2484 220 2553 Η
244 2487 309 2538 1887
327 2502 410 2552 rogus
429 2487 453 2535 E
470 2488 547 2552 rogis
565 2488 591 2537 A
614 2483 625 2553 Η
649 2487 716 2537 1828
733 2486 808 2537 urbia
826 2488 852 2537 Ε
870 2490 943 2541 orbis
962 2493 987 2543 A
1007 2493 1020 2556 ll

106 2557 172 2606 1889
191 2570 262 2619 quae
280 2559 379 2619 gentes
397 2571 443 2605 om.
463 2555 488 2604 E
500 2551 512 2621 ll
523 2563 624 2619 rogent
641 2554 667 2603 Ε
686 2554 778 2604 colent
795 2559 821 2606 A
837 2552 849 2622 ΙΙ
867 2558 933 2609 1830
952 2560 1021 2624 Quia

104 2622 254 2757 alarii
271 2619 1021 2759 laarumrrbrllrarlbpraelia·

105 2758 145 2808 loa
163 2759 190 2809 Ε
207 2759 328 2809 tumulus
346 2760 372 2809 A
395 2755 407 2825 ll
431 2761 496 2810 1833
515 2762 594 2809 tenes
613 2759 639 2809 Ε
650 2768 673 2823 ψ
692 2763 760 2809 tene
780 2776 798 2809 α
819 2758 831 2827 ΙΙ
855 2765 921 2814 1884
941 2763 1020 2815 Com·

104 2827 226 2891 plectere
245 2827 296 2878 εΑ
326 2825 514 2891 Complector
533 2826 610 2877 Gron.
633 2823 646 2894 l]
671 2827 736 2878 1838
755 2829 824 2878 salio
841 2846 881 2895 pr.
902 2833 953 2882 εΑ
977 2838 1021 2882 sat

104 2897 186 2946 haec
198 2911 239 2960 pr.
261 2896 338 2946 Gran.
358 2895 450 2945 Haec
470 2901 538 2945 sunt
550 2896 619 2945 satis
631 2910 671 2960 pr.
685 2893 879 2964 Ν1ῑ1.1.ΗῙ8811δ
896 2900 981 2949 HYL.
996 2900 1021 2949 Ε

103 2963 174 3014 ΡΗΙ.
187 2966 212 3014 Α
224 2960 236 3029 ΙΙ
249 2963 308 3013 nali
320 2963 344 3011 Ε
356 2968 422 3012 nato
435 2965 461 3014 A
473 2960 485 3029 ll
502 2965 568 3015 1888
582 2979 650 3014 nece
664 2963 710 3014 εΑ
723 2979 814 3028 prece
826 2965 1021 3029 Peerlkampiur

105 3031 238 3083 LMueller
267 3027 278 3097 ll
308 3031 373 3080 1841
393 3035 492 3081 uetant
517 3058 546 3067 -
571 3031 669 3083 iubent
691 3031 717 3080 Ε
746 3037 826 3082 uetat
844 3058 876 3068 -
894 3032 972 3082 iubet
994 3033 1020 3082 A

104 3105 223 3150 ueta-
243 3099 310 3149 iube
332 3099 409 3151 Gran.
439 3095 451 3165 ΙΙ
480 3102 545 3151 1841
568 3100 679 3149 uindice
704 3100 804 3149 amisso
829 3099 854 3149 Ε
882 3100 1020 3151 uindicem

106 3168 182 3217 amisi
200 3168 226 3217 A
250 3163 262 3233 ll
284 3181 386 3232 parens
403 3166 456 3218 ΕΑ
475 3173 584 3232 petens
601 3166 651 3218 Bo.
672 3171 784 3231 patent
801 3171 897 3231 ecripai
918 3166 930 3234 Η
955 3171 1020 3220 1848

107 3236 169 3285 1844
187 3235 253 3286 1848
271 3237 361 3285 derum
381 3232 425 3302 Gl}
438 3237 504 3287 1843
521 3235 606 3288 HYL.
624 3234 649 3283 Ε
667 3249 715 3283 om.
734 3235 759 3284 A
789 3230 800 3301 ll
830 3236 918 3285 Terra
936 3244 1019 3300 atque

106 3302 218 3367 pelagus
237 3317 345 3369 quqque
364 3302 389 3352 Ε
411 3304 516 3354 Terrae
537 3309 620 3368 atque
639 3301 734 3367 pelagi
752 3316 862 3365 queque
882 3304 907 3353 A
924 3301 936 3369 ΙΙ
955 3304 1021 3353 1844

106 3372 251 3435 Vtrumque
271 3372 323 3421 cA
341 3372 493 3436 Vtrimque
511 3373 606 3435 ecra'pea'
628 3366 640 3435 ΙΙ
664 3384 769 3419 oceano
787 3369 813 3420 Ε
832 3370 975 3421 Oceanum
993 3372 1019 3421 A

107 3440 298 3503 laceroque
318 3455 343 3490 c.
363 3456 403 3504 ap.
424 3439 536 3490 Oceano
555 3455 576 3488 r.
599 3438 677 3489 Gran.
697 3434 710 3504 11
731 3439 798 3489 1848
817 3437 896 3501 Quod
915 3438 940 3487 Ε
960 3439 1020 3501 Quo

108 3502 160 3573 Al]
182 3508 211 3556 in
229 3522 283 3557 uno
301 3508 327 3557 A
346 3514 376 3557 tu
393 3523 466 3557 nunc
484 3507 509 3556 Ε
532 3504 544 3572 ll
568 3504 692 3557 condidit
711 3507 735 3555 Ε
758 3504 869 3556 condidi
888 3508 913 3557 A
937 3502 948 3572 ΙΙ
971 3522 1020 3557 na-

107 3581 145 3625 los
163 3576 214 3625 εΑ
233 3580 299 3624 nato
319 3582 342 3639 ψ
361 3575 444 3639 (Mop.
460 3575 521 3640 Rp)
535 3575 547 3642 ll
558 3576 624 3625 1846
642 3574 724 3627 ALO.
744 3574 768 3624 Ε
786 3590 833 3625 om.
852 3575 878 3625 A
901 3571 913 3632 ΙΙ
