2504 4040
489 251 652 303 redonus

68 388 100 447 ‹1'
154 391 216 451 lloe
232 390 288 452 luit
302 388 353 450 illo
368 391 481 452 uictore
498 394 572 470 capi.

110 475 214 537 discite
230 476 315 536 nrites
330 474 505 536 Herculis
521 478 608 537 iras.

110 578 150 621 an
165 564 226 621 sola
242 558 360 639 placent
375 559 548 621 llerculis
564 564 666 622 arrna‘l

69 641 100 702 b'
153 645 233 705 lacet
248 652 315 705 ante
331 644 443 722 pedes
459 663 518 705 uon
535 647 631 706 minor
647 646 696 707 illo

108 729 282 808 supplice
298 728 423 808 supplex
440 731 592 810 uitamque
607 734 688 808 petit.

108 832 235 892 reguum
251 814 371 884 Troiae,

107 915 341 978 quocumque
357 896 437 958 uolet
452 899 602 961 fortuna
618 901 702 960 ierat.

69 1090 91 1125 a
152 1081 207 1127 vn.
231 1067 332 1128 Matris
347 1067 466 1146 quidem
482 1086 529 1128 me
544 1087 663 1130 maeror
678 1073 817 1133 attonitae
832 1083 950 1146 moeret,
1004 1068 1007 1073 ’

107 1154 201 1231 magis
217 1152 353 1230 pelasgae
367 1170 416 1212 me
430 1160 528 1213 tannen
545 1163 654 1215 matres
669 1165 805 1227 mouent,

104 1254 234 1316 quarum
249 1236 305 1298 iste
320 1253 443 1312 magnos
458 1239 563 1298 crescit
579 1240 608 1298 in
624 1238 721 1299 luctus
737 1258 821 1318 puer.

106 1334 214 1381 nunu.
238 1321 292 1380 has
307 1319 360 1382 has
375 1323 476 1382 ruinas
492 1322 575 1383 urbis
590 1324 620 1382 in
635 1325 766 1385 cinerem
782 1325 866 1386 datas

105 1406 156 1465 laic
172 1405 328 1466 excitabit?
351 1405 406 1466 hae
422 1424 527 1468 manus
542 1407 689 1468 Troiam
706 1410 841 1486 erigent?
1049 1428 1099 1477 750

109 1489 205 1551 nullas
220 1489 311 1551 habet
325 1508 393 1568 spes
409 1490 513 1561 Troia,
530 1492 555 1550 si
570 1491 643 1553 tales
660 1492 759 1553 habet.

99 1594 169 1635 non
185 1577 227 1635 sic
242 1577 373 1636 iacemus
388 1575 498 1644 Troes,
515 1583 546 1636 ut
562 1578 697 1655 cuiquam
715 1587 813 1640 ructus

108 1661 255 1738 possimus
272 1676 347 1720 esse.
366 1695 404 1705 -
451 1714 454 1720 ,

69 1741 99 1801 a'
468 1745 594 1823 Spiritus
609 1749 725 1824 genitor
741 1749 811 1809 lacit
827 1783 868 1794 -
893 1806 902 1813 ,

106 1830 159 1891 sed
176 1847 282 1908 ncrupe
297 1829 418 1890 fractus.
448 1831 512 1906 ipse
527 1838 594 1909 post
608 1830 719 1918 Troia
726 1852 754 1893 nr
772 1842 857 1911 pater

106 1917 254 1993 posuisset
269 1916 397 1984 anirnos,
414 1930 520 1991 magna
537 1932 611 1992 quos
626 1918 767 1994 frangunt
782 1917 870 1979 rnala.
1047 1934 1097 1983 755

104 2001 131 2060 si
147 2016 243 2078 poena
259 2000 381 2076 petitur,
398 2017 474 2077 qrrae
489 2002 550 2076 peti
564 2003 685 2076 grauior
701 2006 817 2081 potest?

105 2081 251 2144 famulare
267 2082 343 2143 eollo
359 2082 451 2144 nobili
465 2084 570 2144 subeat
584 2086 700 2162 iugum,

103 2169 220 2229 seruire
236 2166 329 2228 liceat.
362 2167 466 2247 aliquis
482 2168 538 2228 hoe
553 2170 616 2246 regi
632 2173 737 2246 negat?

105 2267 162 2313 vn,
185 2270 245 2312 non
262 2252 318 2313 hoc
334 2252 445 2323 Vlixes,
463 2254 515 2314 sed
531 2262 618 2330 negat
633 2254 756 2316 Calchas
771 2255 833 2317 tibi.

67 2344 88 2394 o
124 2350 257 2397 annu.
282 2336 505 2399 Ourachinator
521 2338 632 2398 fraudis
647 2348 676 2399 ct
690 2339 837 2401 scelerum
853 2343 960 2404 artilex
1046 2355 1097 2404 760

106 2423 253 2482 uirtute
271 2423 355 2482 cuius
369 2421 475 2482 bellica
490 2440 578 2482 nerno
595 2424 711 2494 occidit,

104 2506 182 2567 dolis
199 2514 229 2566 et
244 2513 307 2566 astu
324 2505 474 2567 ntalelicae
489 2508 597 2568 mentis
612 2509 708 2569 iacent

104 2593 196 2652 etiam
212 2590 342 2669 Pelasgi,
360 2601 458 2652 uatem
476 2599 505 2651 et
519 2593 651 2652 insontes
667 2593 739 2654 deos

106 2675 295 2753 praetendis?
319 2676 377 2736 hoc
394 2684 438 2736 est
453 2678 582 2753 pectoris
599 2677 712 2739 lacinus
729 2679 788 2740 tuit

67 2756 97 2816 δ’
152 2760 303 2821 Nocturna
319 2760 403 2821 miles
418 2760 502 2821 lortis
517 2763 547 2820 in
564 2764 648 2839 pueri
664 2782 766 2825 necem

104 2846 164 2904 iam
181 2844 262 2905 solus
278 2844 370 2905 audes
385 2843 497 2922 aliquid
514 2854 543 2906 et
559 2845 639 2907 claro
656 2848 712 2908 die.

105 2943 162 2988 vn.
188 2929 312 2991 uirtus
328 2928 418 2991 Vlixis
434 2929 570 2991 Danaidis
586 2939 655 2992 nota
674 2942 717 2995 cst
732 2936 801 2994 satis

108 3133 314 3142 ——-.

176 3266 334 3317 VLYSSES
349 3293 356 3307 .
371 3267 627 3320 ANDROMACHA
642 3296 648 3308 ·
663 3270 855 3323 AernNnx
880 3276 904 3323 A
933 3291 979 3324 οηι.
1003 3275 1029 3322 Ε

105 3331 363 3401 1716117467471.
382 3354 429 3386 um.
449 3338 473 3386 A
490 3333 502 3402 ll
520 3341 569 3388 749
587 3338 647 3388 Hes
665 3338 715 3388 lies
734 3339 758 3387 Ε
776 3341 818 3389 An
837 3340 887 3390 has
906 3343 930 3390 A
950 3338 961 3405 ΙΙ
979 3344 1030 3392 754

105 3405 214 3453 fruetus
228 3402 253 3450 E
272 3407 379 3454 tractus
393 3404 417 3453 A
430 3400 442 3470 Η
454 3406 503 3456 767
516 3406 616 3455 subdat
628 3406 652 3454 E
671 3407 771 3457 subeat
785 3408 808 3456 A
821 3403 833 3472 ll
846 3409 895 3458 760
908 3415 936 3457 et
948 3424 986 3458 sc.
1001 3409 1027 3458 Ε

101 3487 120 3522 ο
139 3486 179 3524 sc.
202 3472 226 3520 A
250 3467 261 3537 ll
285 3473 334 3522 766
353 3488 368 3521 e
387 3471 462 3522 clero
480 3472 506 3521 Ε
524 3479 552 3523 et
570 3473 604 3521 cl.
623 3477 647 3523 A
671 3471 683 3540 ΙΙ
707 3476 756 3525 767
774 3475 873 3525 danais
892 3481 957 3525 nota
976 3476 1026 3542 Εψ

103 3544 174 3589 uota
191 3541 300 3590 Danais
320 3556 339 3589 α
356 3540 494 3590 Danaidis
511 3543 546 3605 p?
565 3542 722 3592 Heinst'unus
738 3548 819 3592 uanior
837 3559 868 3594 ru,
885 3560 929 3608 pr.
952 3541 964 3610 ΙΙ

158 3639 282 3674 senecas
293 3624 386 3675 'reid
787 3625 825 3687 ll
