2536 4046
400 254 582 303 nuncnune
606 242 771 325 [nunnus]
833 291 836 295 .

123 395 175 472 qui
191 393 310 455 aduexit
326 400 356 455 et
371 411 446 472 quae
460 395 553 456 iussit.
582 396 613 453 in
628 413 741 472 poenas
755 414 836 458 meas

123 485 214 557 atque
229 479 260 537 in
275 476 395 539 labores
416 496 475 538 non
491 480 561 538 satis
576 488 674 541 terrae
689 488 801 559 patent.

83 573 106 622 b
169 564 290 623 lunonis
306 564 373 623 odio
389 563 448 623 uidi
463 564 614 623 inaccessa
630 565 769 626 omnibus

120 647 222 722 ignota
238 646 359 708 Phoebo
375 666 509 727 quaeque
526 648 656 708 deterior
672 648 757 726 polus

122 732 250 792 obseura
266 732 334 791 diro
347 734 440 810 spatia
457 734 604 793 concessit
619 734 683 803 loui

121 823 151 877 et
167 817 191 874 si
206 816 360 895 placerent
374 817 479 877 tertiae
494 819 584 877 sortis
597 816 661 879 looa

119 918 250 978 regnare
265 903 374 979 potui:

75 999 107 1058 b'
389 985 491 1046 Noctis
506 993 644 1047 aeternae
660 986 750 1047 chaos

120 1077 151 1129 et
166 1078 254 1130 noete
270 1070 410 1147 quiddam
426 1071 547 1147 grauius
562 1079 592 1132 et
606 1073 705 1133 tristes
721 1071 792 1133 deos

122 1162 153 1213 et
170 1155 226 1215 lata
242 1156 311 1215 uici.
342 1162 439 1215 morte
455 1162 624 1234 contempta
639 1157 714 1218 redi.

121 1238 192 1316 quid
209 1247 301 1299 restat
316 1238 411 1299 aliud?
434 1240 495 1299 uidi
511 1247 541 1299 et
555 1241 673 1301 ostendi
687 1241 810 1302 interos.

69 1337 110 1396 b„
164 1323 215 1392 lla,
231 1324 255 1382 si
272 1323 341 1403 quid
358 1322 434 1383 ultra
451 1331 503 1383 est.
533 1325 590 1384 iam
607 1325 657 1384 diu
673 1328 782 1403 pateris
798 1342 902 1386 manus

120 1425 239 1468 cessare
256 1416 372 1468 nostras
386 1408 472 1469 luno.
501 1427 578 1486 quae
595 1410 674 1469 uinei
689 1409 790 1470 iubes?
893 1468 898 1476 ,

178 1491 235 1552 Sed
252 1490 361 1570 templa
378 1510 471 1568 quare
487 1491 571 1553 miles
586 1493 710 1554 infestus
726 1502 817 1563 tenet,
1054 1510 1105 1560 620

118 1574 269 1655 limenque
285 1594 403 1636 sacrum
420 1583 517 1638 terror
534 1595 686 1638 armorum
702 1577 839 1638 obsidet?

147 1774 392 1823 AMPHITRYON.
420 1775 615 1826 Huncvbns.
645 1777 802 1825 MEGARA.
830 1774 998 1824 THESEVS.

80 1921 99 1954 a
162 1896 305 1958 Vtrumne
321 1899 403 1959 uisus
419 1906 487 1959 uota
504 1899 701 1977 decipiunt
717 1919 799 1961 meos

115 1998 153 2040 an
169 1979 219 2042 ille
235 1983 362 2043 domitor
379 1982 459 2043 orbis
476 1991 504 2045 et
519 1984 639 2045 Graium
656 1986 746 2047 decus

115 2066 193 2125 tristi
208 2065 343 2128 silentem
360 2067 462 2128 nubilo
479 2068 563 2147 liquit
578 2069 717 2130 domurn?

116 2157 200 2209 estne
216 2150 265 2211 ille
281 2153 405 2212 natus?
428 2152 562 2213 membra
577 2152 685 2214 laetitia
702 2162 831 2232 stupent.

70 2233 100 2291 α’
160 2233 185 2294 0
201 2242 312 2310 gnate
329 2244 409 2296 certa
425 2245 459 2296 at
474 2256 539 2298 sera
555 2236 726 2299 Thebarum
742 2239 821 2299 salus

114 2326 245 2379 teneone
261 2322 395 2381 inauras
411 2322 521 2382 editum
538 2341 576 2382 an
591 2341 667 2383 uana
685 2324 768 2382 lruor

114 2403 300 2480 deeeptus
315 2405 441 2465 umbra?
465 2415 534 2466 tune
550 2407 600 2466 esl
612 2442 652 2453 ψ-
665 2423 794 2482 agnosco
810 2412 893 2465 toros

115 2506 296 2568 umerosque
312 2500 342 2550 et
357 2489 414 2550 alto
430 2490 559 2550 nobilem
578 2499 683 2551 trunco
700 2509 830 2551 inanum.

75 2581 94 2629 b
159 2586 262 2636 nunc,
286 2574 369 2636 Vnde
385 2577 438 2635 iste
454 2577 570 2654 genitor
586 2574 706 2653 squalor
723 2584 752 2635 et
766 2573 941 2653 lugubribus
1052 2581 1115 2631 630-

181 2780 229 2830 611
250 2794 359 2844 quaque
375 2777 401 2827 E
421 2792 460 2826 en
478 2791 563 2910 queqj
586 2779 613 2827 V
630 2774 641 2844 ss
664 2793 752 2842 popns
769 2781 796 2828 in
812 2777 892 2843 polus
908 2792 977 2828 corr.
988 2792 1034 2840 pr.

109 2848 183 2903 m.E
205 2844 218 2913 ΙΙ
241 2849 291 2898 oto
303 2851 413 2897 noctem
429 2844 463 2895 V¹
496 2842 500 2911 Ι
529 2847 640 2910 quidem
662 2847 688 2896 V
695 2848 758 2895 lint
775 2848 883 2896 Vratt'sl.
904 2844 1034 2909 quiddem
1094 2890 1099 2897 ,

110 2918 174 2966 311
195 2915 253 2978 (sed
270 2932 284 2964 e
307 2918 334 2964 in
352 2912 458 2975 rasura)
487 2909 508 2978 Μ’
528 2914 578 2963 618
601 2914 657 2962 iam
676 2914 735 2963 EV
757 2917 854 2975 tamon
882 2928 950 2961 nam
970 2926 989 2960 ot
1011 2907 1023 2976 ΙΙ

109 2986 161 3033 619
186 2983 251 3047 quid
270 2983 319 3046 Αφ
348 2997 418 3047 quae
436 2980 485 3044 Εφ
515 2977 526 3046 ll
556 2980 808 3033 AMPHYTRION.
830 2979 1034 3031 HERCVLES.

108 3050 272 3101 MEGERA.
293 3048 468 3100 THESEVS.
488 3047 546 3098 EV
546 3046 553 3079 ¹
571 3046 631 3113 (sed
647 3050 687 3098 nic
700 3045 878 3113 Anphitrion)
897 3048 1030 3112 Megarae

107 3134 200 3168 nomen
223 3117 296 3167 abest
313 3118 337 3166 Α
361 3119 470 3167 deletum
490 3133 522 3166 m.
544 3133 598 3167 reo.
622 3117 650 3165 V
683 3112 695 3182 Η
732 3117 938 3170 624,silentum
964 3131 983 3164 α
1010 3110 1015 3178 l

107 3188 160 3236 626
191 3190 270 3235 certa
292 3189 321 3234 et
343 3200 406 3235 sero
429 3201 451 3234 ω
484 3188 518 3233 at
538 3183 662 3234 Gruterus
698 3179 712 3250 ss
746 3183 930 3234 thebanorum
952 3184 987 3233 Vt
1011 3181 1016 3248 l

108 3255 160 3304 627
179 3255 318 3303 Verumne
338 3268 421 3302 cerno
441 3266 540 3316 corpus
559 3267 595 3301 an
618 3250 701 3301 fallor
724 3256 771 3301 tua
791 3253 814 3301 A
847 3253 984 3301 Verumne
1006 3265 1029 3300 o.

109 3337 135 3370 c.
157 3336 193 3369 nn
222 3320 305 3370 fallor
327 3321 363 3370 ul'
382 3326 405 3369 t·
422 3319 500 3369 uides
522 3320 548 3368 V
569 3320 700 3369 Teneone
719 3320 748 3368 in
768 3336 849 3370 nurus
874 3319 978 3370 editum
997 3332 1034 3366 en

106 3404 185 3438 uana
208 3389 286 3438 fruor
302 3388 329 3437 E
335 3388 375 3437 nd
388 3386 534 3438 ortelium
552 3389 577 3436 P
592 3404 640 3452 ηιμ.
664 3395 771 3453 uterque
789 3402 878 3438 uersos
897 3388 990 3450 lenitur
1007 3387 1033 3433 in

105 3458 234 3507 Parisino
252 3459 323 3507 8036
344 3454 391 3519 (aa
408 3453 507 3520 mot)
530 3456 556 3505 in
578 3472 627 3506 uno
645 3455 783 3505 Mineruae
807 3463 833 3505 et
855 3469 904 3504 uno
923 3453 1032 3515 Napoli·

104 3532 170 3575 tane
194 3520 205 3590 ll
230 3528 281 3575 629
300 3523 356 3575 alle
379 3525 405 3572 V
423 3520 437 3589 Η
