2576 4044
514 246 712 295 autumno

154 404 213 446 non
229 393 273 446 est
288 383 455 447 lacrimis
471 384 633 446 Cassandra
650 386 770 457 modus,

152 472 219 549 quia
237 488 312 547 quae
327 472 454 547 patimur
469 472 599 531 uicere
616 471 746 531 modurn.

151 554 283 635 [miseris
297 557 438 616 colendos
450 559 583 616 maxime
597 573 723 632 superos
734 554 851 636 putem]

195 736 267 784 cns,
291 725 423 784 Vicere
437 731 538 784 nostra
555 725 610 784 iam
628 733 724 785 metus
739 725 835 784 omnis
850 723 935 785 maia.

149 809 287 888 equidem
305 826 360 868 nec
375 808 434 868 uila
450 807 569 868 caelites
585 807 669 885 piaco
686 827 774 887 prece

150 911 206 953 nec
222 894 247 954 si
262 892 356 953 uelint
370 894 500 961 saeuire,
518 911 575 972 quo
592 901 719 953 noceant
733 892 852 955 habent.

149 976 269 1038 fortuna
286 979 365 1037 uires
380 978 443 1056 ipsa
458 978 641 1056 consumpsit
657 997 735 1039 suas.

193 1060 275 1130 Quae
290 1063 383 1140 patria
399 1068 491 1122 restat
505 1064 571 1140 quis
586 1070 669 1140 pater
685 1081 760 1141 quae
775 1064 832 1123 iam
850 1064 953 1124 sorori

149 1145 254 1211 bibere
270 1145 376 1206 tumuli
391 1148 564 1224 sanguinem
580 1156 667 1225 atque
683 1165 753 1208 arae
768 1166 878 1208 meum.

145 1231 219 1309 quid
235 1229 284 1290 iila
300 1230 370 1291 ieiix
386 1231 473 1291 turba
490 1231 613 1290 fraterni
631 1233 756 1309 greges?

148 1314 292 1375 exhausta
309 1332 425 1392 nempe.
457 1316 537 1392 regia
554 1317 656 1375 miseri
672 1332 759 1376 senes

151 1416 244 1458 uacua
260 1398 354 1458 relicti
372 1408 476 1478 totque
492 1416 545 1475 per
562 1398 705 1459 thalamos
721 1400 823 1460 uident

149 1490 270 1562 praeter
287 1482 450 1543 Lacaenam
464 1491 578 1544 ceteras
595 1484 698 1544 uiduas
714 1502 816 1545 nurus.

193 1566 249 1626 Tot
265 1566 313 1627 iiia
328 1585 433 1645 regum
450 1577 543 1627 mater
560 1575 588 1628 et
603 1570 736 1645 regimen
753 1568 903 1647 Phrygum

145 1650 274 1711 fecunda
291 1653 319 1711 in
335 1653 420 1730 ignes
435 1651 556 1712 Hecuba
572 1652 699 1712 satorum
717 1669 810 1714 nouas

144 1744 269 1813 experta
284 1735 365 1815 leges
379 1736 474 1796 induit
489 1734 588 1797 uultus
603 1737 698 1796 ieros:

143 1823 226 1881 circa
243 1822 344 1881 ruinas
359 1820 461 1881 rabida
478 1820 597 1882 latrauit
612 1839 681 1882 suas

143 1906 254 1966 Troiae
269 1913 421 1983 superstes
436 1906 557 1966 Hectori
573 1906 690 1966 Priamo
706 1906 771 1967 sibi.

190 2001 270 2051 cuo.
296 1989 367 2051 Silet
382 1999 504 2067 repente
520 1991 651 2068 phaebas
668 1998 696 2051 et
711 1990 806 2070 patior
822 2009 911 2070 genas

144 2073 314 2152 ⁴creberque
331 2082 424 2134 totum
442 2075 571 2157 possidet
587 2093 696 2154 corpus
713 2084 839 2145 tremor,

148 2165 257 2219 stetere
273 2160 377 2228 uittae,
394 2158 491 2220 mollis
508 2160 655 2220 horrescit
670 2178 769 2230 coma,

143 2241 253 2302 anhela
270 2242 359 2302 corda
375 2262 528 2304 murmure
544 2243 658 2304 incluso
674 2244 819 2315 fremunt,

147 2328 258 2387 incerta
275 2335 379 2387 nutant
394 2326 503 2387 lumina
520 2338 549 2388 et
563 2330 643 2388 uersi
658 2337 741 2389 retro

143 2418 325 2488 torquentur
341 2410 432 2480 oculi,
450 2430 553 2473 rursus
568 2414 687 2473 inmites
701 2415 807 2492 rigent.

146 2513 226 2556 nunc
241 2493 320 2556 leuat
335 2497 364 2555 in
382 2514 470 2557 auras
485 2496 571 2557 altior
587 2497 672 2557 solito
689 2508 777 2575 caput

141 2580 339 2658 graditurque
355 2578 447 2652 celsa,
465 2599 543 2642 nunc
559 2581 731 2643 reluctantis
747 2593 832 2661 parat

145 2682 282 2726 reserare
297 2665 415 2734 fauces,
432 2665 525 2726 uerba
541 2684 621 2727 nunc
637 2666 736 2727 clauso
752 2667 828 2729 maie

141 2749 274 2811 custodit
289 2768 342 2810 ore
357 2768 477 2812 maenas
493 2752 638 2830 inpatiens
655 2752 710 2812 dei.

187 2847 260 2895 CAS.
285 2832 378 2903 Quid
393 2852 446 2896 me
461 2836 572 2897 suroris
587 2838 706 2897 incitam
723 2837 849 2900 stimulis
867 2841 953 2908 noui,

144 3011 167 3018 —
184 3014 347 3024 --...-—.

210 3140 235 3171 o.
254 3124 304 3174 730
319 3130 381 3188 post
399 3125 449 3175 795
467 3126 625 3187 transposuit
643 3124 769 3175 Swobodo
792 3121 804 3191 ΙΙ
827 3143 851 3175 u.
870 3128 918 3178 731
938 3129 964 3176 in
982 3143 1062 3192 erroro.

61 3198 65 3201 '
138 3190 229 3242 adcor.
250 3190 271 3239 R
294 3192 378 3241 deleat
394 3196 459 3241 conl.
483 3209 506 3241 u.
527 3194 577 3242 733
605 3189 617 3257 ΙΙ
646 3192 721 3242 CAS.
739 3193 765 3242 E
788 3194 878 3246 omA
908 3191 919 3259 ΙΙ
948 3193 1015 3259 pute
1037 3195 1063 3244 Ε

143 3271 206 3307 reor
228 3259 254 3308 A
282 3253 294 3321 11
328 3261 376 3310 732
401 3258 475 3309 CAS.
500 3261 526 3309 A
556 3276 602 3309 om.
625 3260 651 3310 E
681 3257 692 3326 li
720 3258 816 3311 nostrai
838 3262 864 3311 Ε
893 3258 904 3328 Η
934 3264 983 3313 738
1005 3264 1061 3312 fra·

140 3327 257 3387 trumo·
285 3321 298 3391 ΙΙ
326 3328 419 3392 gregis
437 3343 458 3377 m
489 3343 597 3393 greges
615 3327 711 3380 [Goon.
740 3325 752 3394 Η
782 3329 831 3379 739
851 3329 985 3380 exhaustu
1004 3330 1029 3378 Ε
1048 3331 1061 3394 ΙΙ

143 3393 223 3456 regia
241 3392 290 3442 ΕΗ
308 3394 414 3459 regiam
433 3396 457 3444 A
475 3390 488 3462 [Ι
504 3410 585 3445 senes
597 3396 621 3444 Ε
641 3397 714 3446 senis
728 3398 752 3446 A
770 3392 995 3463 [1740uacuoE
1012 3412 1062 3446 ua·

142 3461 262 3510 ouamA
286 3457 297 3526 ii
321 3463 369 3512 747
392 3462 503 3526 phoeba
521 3462 546 3512 Ε
567 3459 578 3529 Η
600 3465 812 3527 751micantm
833 3460 844 3530 ΙΙ
868 3464 1063 3516 OASANDRA

137 3543 222 3591 supro
240 3544 264 3581 u.
285 3530 333 3579 737
352 3529 375 3580 R
397 3526 410 3596 ΙΙ
