2576 4044
122 303 124 306 ,
222 243 284 312 336
590 256 751 304 ‘inanem

222 378 350 479 posuere
366 407 478 459 tensas.
509 395 619 457 eredita
636 402 783 457 estuante
800 368 890 456 rates*

109 490 118 509 ⁶
223 483 366 561 fususque
382 482 518 542 transtris
533 479 617 540 milas
632 487 683 540 aut
696 488 793 540 terras
808 479 929 557 procul,

224 576 365 647 quantum
382 565 526 627 recedunt
541 563 623 633 uela,
641 564 787 641 fugientes
801 572 883 625 notat

224 658 273 712 ant
288 650 366 711 belia
383 657 486 711 narrat
500 650 637 711 Hectoris
652 649 737 709 tertis
752 650 847 709 minas

223 734 389 817 currusque
406 742 435 796 et
450 740 549 812 empta
564 732 712 793 redditum
729 750 837 810 corpus
852 749 925 810 roga

223 837 359 899 sparsum
376 836 484 880 cruore
499 819 580 893 regis
594 817 737 877 heresum
751 817 862 878 Iouem.

267 904 341 964 Tum
359 905 409 981 qui
425 905 540 963 iacente
555 902 727 978 reciprocus
743 899 817 961 ludit
832 900 893 961 sain

224 989 429 1065 tumidumque
445 986 541 1063 pando
557 984 684 1046 transilit
701 985 789 1045 dorsa
806 1004 887 1047 mare

226 1072 384 1152 tyrrhenus
400 1072 480 1131 amni
496 1071 586 1150 piscis
602 1067 712 1129 exultat
727 1070 802 1130 ireta

225 1158 372 1234 agitatque
389 1173 477 1234 gyros
494 1161 523 1215 at
538 1171 638 1214 comes
652 1152 739 1214 lateri
754 1155 873 1215 adnatat

224 1243 336 1303 anteire
353 1257 444 1300 naues
460 1238 552 1300 laetus
569 1246 597 1298 et
611 1256 716 1298 rursus
732 1239 824 1317 sequi.

224 1343 303 1385 nune
318 1325 414 1403 prima
431 1333 555 1399 tangens
570 1328 666 1383 rostra
682 1321 797 1383 lasciuit
812 1323 936 1394 ahorne,

225 1408 407 1471 millesimam
426 1425 505 1467 nunc
521 1405 612 1467 ambit
627 1413 656 1466 et
670 1405 775 1467 lustrat
790 1416 894 1469 ratem.

267 1494 327 1554 lam
344 1492 411 1553 litus
427 1509 515 1551 omne
530 1493 639 1569 tegitur
656 1499 685 1551 et
700 1492 795 1569 campi
810 1490 901 1553 latent

226 1584 255 1638 et
270 1577 358 1637 dubia
375 1582 480 1655 parent
495 1576 603 1635 mantis
617 1575 694 1636 idaei
709 1577 785 1654 iuga.

227 1668 256 1722 et
270 1660 300 1720 id
316 1661 393 1740 qnod
410 1677 501 1720 unum
517 1661 658 1738 peruicax
674 1662 752 1721 acies
768 1661 861 1731 uidet,
920 1659 925 1663 ’

225 1745 327 1805 iliacus
342 1751 404 1804 atra
420 1745 518 1804 turnus
533 1752 656 1823 apparet
671 1751 749 1804 nata.

225 1831 284 1890 iam
298 1828 374 1889 lassa
390 1828 475 1889 Titan
492 1826 565 1889 colia
581 1826 733 1889 reienabat
749 1830 832 1906 iugo,

226 1915 255 1974 in
272 1920 349 1974 astra
365 1914 423 1973 iam
439 1911 488 1972 lux
504 1929 614 1991 prona,
630 1914 687 1972 iam
704 1930 848 1991 praeceps
863 1914 939 1974 dies:

268 1999 380 2076 Exigua
397 1995 491 2057 nubes
506 1996 626 2057 sordido
642 2014 780 2058 crescens
796 1996 884 2073 glebo

122 2156 127 2165 .
227 2082 350 2143 nitidum
366 2080 496 2141 cadentis
512 2082 645 2159 inquinat
658 2079 773 2141 Phoebi
786 2081 880 2142 iubar.

226 2173 361 2245 suspecta
377 2166 479 2225 uarius
494 2164 632 2225 occidens
647 2165 718 2225 ieeit
733 2165 816 2227 treta.

225 2268 284 2310 nox
300 2251 394 2328 prima
414 2248 527 2309 eaelum
543 2256 693 2326 sparserat
707 2248 813 2321 stelin,
829 2253 926 2310 iacent
987 2306 991 2313 .

227 2335 343 2395 deserta
360 2340 449 2394 uento
465 2333 541 2394 uela.
574 2341 634 2393 turn
650 2352 786 2394 murmur
802 2352 892 2412 graue

227 2421 339 2480 maiora
354 2419 492 2478 minitans
509 2416 633 2479 collibus
648 2420 771 2479 summis
787 2419 865 2479 cadit

226 2510 382 2581 tractuque
396 2501 486 2580 longo
502 2501 569 2563 titus
585 2520 618 2562 ac
634 2509 736 2581 petrae
752 2511 882 2580 gemunt.

268 2588 382 2665 Agitata
398 2588 494 2646 uentis
509 2587 587 2648 unda
604 2589 739 2647 uenturis
755 2593 857 2647 tumet.

228 2689 296 2730 eum
312 2669 409 2732 subita
425 2668 494 2730 luna
511 2671 662 2740 conditur,
680 2670 782 2731 stellae
796 2669 902 2740 latent,

227 2757 256 2815 in
273 2761 351 2814 astra
366 2759 474 2831 pontus
489 2751 612 2824 tollitur,
631 2753 744 2814 eaelum
762 2751 854 2832 perit(

228 2856 283 2899 nec
298 2856 357 2899 una
373 2855 430 2897 nox
448 2845 505 2899 est:
530 2838 620 2900 densa
636 2839 769 2900 tenebris
786 2837 885 2899 obruit

199 3061 204 3069 '
295 3058 346 3108 464
363 3061 438 3107 retes
456 3056 481 3104 Ε
499 3058 569 3106 ratis
586 3058 611 3107 Α
624 3053 636 3122 li
647 3057 697 3106 465
716 3057 796 3107 miles
814 3057 839 3107 E
851 3057 963 3121 Reyiom.
982 3058 1080 3108 nauita
1093 3055 1118 3105 Α
1136 3054 1146 3117 Η
1240 3094 1244 3101 ,

227 3126 278 3176 469
295 3124 443 3174 herenenm
463 3124 486 3172 Ε
504 3124 642 3174 Herceum
662 3139 680 3174 α
698 3123 856 3175 herculeum
873 3133 897 3189 ψ
920 3122 932 3191 Η
954 3127 1005 3177 470
1023 3124 1101 3173 Tune
1120 3123 1147 3172 Ε

227 3194 297 3242 Tum
316 3192 340 3241 Α
358 3187 369 3256 Η
385 3193 434 3242 472
453 3194 526 3241 omni
544 3191 593 3256 Εψ
612 3192 699 3242 omnis
718 3194 741 3241 Α
759 3187 771 3257 ii
787 3194 837 3243 473
854 3193 1004 3257 Agitatqne
1023 3191 1048 3241 Ε
1065 3190 1145 3256 Agit-

147 3320 150 3325 ,
229 3275 282 3324 que
302 3256 412 3326 ,411477
431 3257 509 3308 omne
527 3259 552 3308 Ε
571 3257 774 3325 eorr.E⁸11478
792 3264 892 3325 parent
903 3260 961 3310 ἘΑ
980 3262 1078 3325 patent
1095 3265 1118 3321 ψ
1136 3258 1145 3319 i}

228 3331 279 3379 479
296 3329 333 3378 Et
349 3327 378 3376 id
395 3326 420 3376 Ε
450 3327 487 3377 Et
505 3328 560 3376 iam
579 3327 604 3376 A
634 3322 646 3392 Η
674 3329 723 3377 491
742 3328 833 3386 subito
852 3328 919 3378 luna
937 3327 986 3392 Εψ
1017 3326 1083 3376 luna
1101 3340 1145 3375 su-

227 3396 285 3446 bito
299 3395 365 3446 nrm
376 3390 388 3460 ΙΙ
404 3394 495 3444 latent
507 3394 572 3443 ΕΛΕ
591 3394 694 3444 cadunt
706 3395 731 3444 Α
743 3391 755 3461 ΙΙ
771 3396 821 3446 493
833 3395 858 3445 N
861 3410 891 3445 ec
905 3410 960 3445 une
970 3409 1026 3445 nox
1039 3397 1081 3444 eat
1092 3391 1145 3441 ΕΑ

227 3463 287 3512 Nec
311 3466 354 3512 est
376 3476 430 3511 nox
453 3476 509 3511 una
531 3464 573 3510 uel
600 3461 658 3510 Nee
677 3466 720 3512 eat
738 3477 793 3512 una
811 3472 905 3526 noxae
934 3458 946 3527 ΙΙ
974 3462 1146 3511 tenebramur

117 3542 122 3550 ·
229 3529 360 3568 amma„
378 3529 474 3591 scripsi
489 3527 681 3578 tenebrarum
700 3530 776 3580 NHs.
799 3526 811 3594 ΙΙ
