2504 4040
241 273 305 339 244
412 328 416 333 .
522 289 702 353 nauum
719 289 879 337 struncon

284 448 351 489 curn
368 430 496 488 coniunx
511 427 603 488 oculis
619 429 751 505 inposuit
767 447 885 489 manunt

284 531 499 593 supremusque
516 513 578 574 dies
594 511 705 572 solibus
721 513 834 573 obstitit

284 605 314 657 et
329 599 419 659 tristis
435 600 550 658 cineres
567 615 640 657 urna
658 596 828 658 cohercuit?

285 701 344 743 non
360 683 482 761 prodest
496 682 623 741 animam
639 683 757 741 tradere
772 682 884 751 funeri,

284 768 336 829 sed
352 777 443 828 restat
460 768 572 827 miseris
589 767 692 827 uiuere
707 766 842 844 longius?

329 938 373 995 An
389 937 441 996 toti
456 937 601 995 morimur
618 934 757 1013 nullaque
772 954 842 1013 pars
859 944 959 995 inaltet

287 1022 395 1089 nostri,
413 1039 478 1080 cum
495 1020 622 1097 prologo
639 1021 759 1096 spiritus
775 1019 864 1079 halitu

287 1107 426 1165 inmixtus
443 1104 558 1165 nebulis
572 1106 659 1165 cessit
674 1107 704 1164 in
720 1122 788 1164 aera

286 1198 314 1248 et
331 1191 549 1267 nurlurmtetigit
567 1189 682 1249 subdita
699 1190 745 1248 lox
762 1189 857 1249 latus?
1030 1204 1053 1248 r.
1069 1202 1155 1245 xxnn
1167 1199 1198 1247 uo

228 1360 234 1378 '
328 1358 1088 1436 Quicquiusotoriensquiequtdetoeciuons

224 1448 227 1452 “
286 1444 382 1511 nouit,
401 1442 543 1502 caeruleis
560 1442 695 1502 Oceanus
711 1444 794 1503 iretis

285 1528 464 1604 quicquid
481 1527 526 1586 tts
543 1529 665 1588 {leniens
680 1530 724 1588 bis
740 1528 855 1603 fugiens
869 1527 964 1596 lauat,

286 1621 365 1671 aetas
381 1628 507 1687 pegaseo
525 1613 670 1689 concipiet
685 1612 787 1688 gradu.

331 1777 405 1846 Quo
420 1779 535 1839 bissena
553 1780 655 1839 nolant
669 1781 764 1839 sidera
780 1780 912 1848 turbine,

286 1883 354 1943 quo
371 1883 460 1924 cursu
476 1873 617 1942 properat
635 1864 757 1924 uoluere
773 1864 890 1925 saecula

285 1956 431 2008 astrorum
449 1949 600 2017 dominus,
618 1967 687 2028 quo
704 1959 845 2027 properat
860 1950 948 2010 modo

285 2033 411 2111 obliquis
428 2034 536 2094 Hecate
552 2052 673 2094 currere
689 2033 831 2095 flexibus:

229 2207 235 2226 '
329 2201 392 2261 Hoc
408 2221 510 2262 ornnes
526 2203 651 2279 petimus
667 2203 723 2261 lato
740 2221 796 2262 nec
812 2202 936 2281 amplius

285 2289 395 2347 iuratos
412 2289 527 2364 superis
543 2288 592 2366 qui
609 2288 704 2364 tetigit
719 2286 816 2355 lacus,

285 2390 408 2450 usquein
425 2381 477 2431 est.
509 2379 541 2431 ut
556 2370 657 2431 calidis
674 2372 771 2432 turnus
787 2371 823 2433 ab
840 2372 971 2449 ignibus,

286 2458 417 2517 uanescit
432 2459 557 2535 spatium
575 2474 627 2532 per
644 2456 735 2516 breue
750 2457 903 2527 sordidus,

228 2628 243 2647 ''
328 2628 364 2686 Vt
380 2625 472 2685 nubes
488 2625 624 2703 grauidas
640 2643 713 2702 quas
729 2625 816 2685 niodo
833 2627 962 2687 uidirnus

286 2712 378 2770 arctoi
394 2711 506 2770 Boreae
523 2710 633 2769 dissicit
648 2712 789 2788 impetus:

286 2796 327 2856 sic
343 2795 391 2854 hie
406 2815 464 2874 quo
480 2796 611 2873 regimur
627 2796 747 2872 spiritus
766 2795 876 2855 ellluet.

251 3000 452 3009 ...-..—-———

311 3135 361 3182 384
380 3133 466 3182 tristis
485 3133 509 3181 E
528 3134 622 3181 tristes
642 3130 750 3197 Α11987
769 3132 811 3181 An
829 3133 854 3180 Α
874 3147 907 3181 ae
925 3130 951 3194 (c
970 3132 1078 3195 iuras.)
1101 3132 1138 3181 E²
1156 3128 1163 3189 ⁸,

244 3202 293 3251 399
311 3201 402 3249 subita
419 3197 466 3266 ψΗ
482 3201 531 3250 393
549 3200 593 3249 bis
610 3200 725 3249 ueniens
745 3205 773 3250 et
791 3200 811 3251 f.
829 3201 855 3250 E
877 3198 934 3262 (uel
947 3200 965 3249 f.
979 3200 1004 3249 E
1019 3209 1036 3249 t.
1051 3200 1161 3261 IGron.)

244 3270 286 3318 bis
305 3284 331 3316 u.
349 3269 401 3317 bis
420 3268 438 3317 i.
459 3268 645 3331 Henneberoer
663 3267 706 3317 uel
725 3283 751 3319 u.
771 3267 816 3316 uel
835 3268 856 3316 f.
876 3268 901 3317 A
918 3264 929 3333 ll
947 3269 1026 3317 labat
1047 3266 1094 3333 ΕΙΙ
1112 3271 1161 3319 395

245 3371 292 3420 Bis
312 3346 364 3434 qno
396 3369 423 3432 (s
442 3371 525 3418 deleto
545 3366 689 3431 tertiam.)
714 3369 738 3417 Ε
767 3366 778 3434 Ι)
808 3373 911 3418 uocant
929 3359 966 3416 E'
997 3385 1067 3418 corr.
1097 3369 1138 3418 5³

244 3439 294 3486 396
313 3436 424 3485 uoluere
444 3436 538 3484 secula
557 3436 581 3483 E
604 3436 700 3484 secula
718 3438 829 3485 uoluere
849 3437 873 3485 Α
925 3437 974 3486 398
994 3441 1095 3486 secate
1116 3437 1158 3493 Ε,

245 3505 295 3551 399
314 3505 405 3551 Ηοοε
436 3504 514 3550 Haec
533 3503 556 3549 Α
587 3499 599 3567 Η
627 3505 677 3552 402
696 3504 861 3565 sordibusve
931 3504 982 3554 404
1001 3503 1162 3553 dissicertE

251 3568 271 3584 ”
305 3569 412 3615 'sitllE
430 3568 590 3631 dissipatA
620 3565 632 3633 ΙΙ
