2544 4046
216 1050 375 1100 tocnsnn.
407 1051 596 1100 Anntnonn.
628 1052 814 1102 SATELLES.
846 1054 1042 1106 POLINIOES.

531 1132 722 1185 Eunuchus.

138 1265 156 1298 a
213 1252 282 1302 100.
305 1240 387 1301 Felix
402 1241 516 1319 Agaue:
539 1243 553 1302 i
556 1244 685 1302 acinus
699 1243 882 1304 horrendum
899 1264 988 1306 manu

168 1345 226 1404 qua
241 1324 385 1386 fecerat
400 1328 527 1403 gestauit
542 1335 575 1388 ct
590 1325 715 1404 spolium
732 1336 827 1404 capnt
1093 1383 1099 1399 s

169 1417 291 1472 cruenta
307 1412 367 1469 nati
382 1411 501 1471 Maenas
516 1412 545 1470 iu
561 1420 661 1488 partes
677 1412 745 1472 dati.
1138 1435 1190 1483 365

127 1492 153 1550 a'
211 1495 317 1556 Fecit
332 1493 474 1564 senine,
490 1495 543 1555 sed
559 1497 666 1557 misera
682 1513 741 1556 nou
758 1495 835 1558 ultro
850 1515 903 1561 suo
1009 1512 1053 1554 ror.
1069 1513 1188 1554 xxxxvr

168 1578 275 1640 sceieri
291 1581 469 1641 occucurrit.
496 1580 554 1641 hoc
570 1579 636 1641 leue
653 1582 789 1658 estquod
806 1601 871 1643 sum
889 1600 1009 1655 nocens,
1104 1604 1120 1652 5

171 1663 228 1724 ieci
243 1671 395 1724 nocentes.
423 1665 481 1725 hoc
496 1682 615 1743 quoque
632 1666 800 1726 etiamnunc
815 1666 882 1728 leue
899 1676 951 1738 est,

170 1748 276 1828 peperi
291 1756 442 1810 nocentes.

141 1840 160 1891 b
415 1867 420 1874 ·
483 1833 572 1894 Derat
586 1836 737 1895 aerumnis
751 1837 833 1904 meis,

173 1928 207 1979 ut
222 1925 251 1978 et
265 1918 379 1979 hostem
396 1936 536 1980 amarem.
562 1918 666 1979 bruma
682 1928 727 1979 ter
742 1923 841 1998 posuit
854 1922 939 1983 niues
1139 1945 1191 1992 370

173 2011 202 2062 et
217 2004 302 2062 tertia
318 2003 377 2062 iam
393 2001 468 2063 inice
484 2001 623 2062 decubuit
638 2002 737 2075 Ceres,

172 2093 205 2147 ut
221 2084 288 2147 exul
305 2096 385 2147 errat
400 2094 507 2164 gnatus
523 2094 552 2146 et
566 2091 661 2164 patria
678 2096 760 2148 caret
1105 2112 1137 2160 10

171 2171 377 2251 profugusque
393 2189 497 2249 regum
513 2169 617 2232 auxilio
634 2175 785 2250 graiorum
801 2180 895 2251 rogat.

137 2278 153 2311 o
214 2256 313 2316 Gener
329 2263 373 2315 est
387 2255 504 2315 Adrasti
520 2257 604 2316 cuius
619 2256 744 2333 imperio
760 2275 842 2318 more

168 2340 246 2416 quod
263 2341 354 2417 cingit
369 2340 497 2400 Isthmos
512 2341 634 2418 regitur,
651 2342 700 2401 hic
715 2348 819 2416 gentes
834 2360 902 2403 suas

100 2422 105 2429 '
167 2431 342 2504 septemque
357 2442 458 2485 secum
474 2441 566 2501 regne
582 2425 618 2485 ad
635 2422 775 2496 auxilium
792 2421 882 2486 trahit

167 2526 290 2586 genero.
318 2509 387 2587 quid
404 2517 503 2588 optem
519 2509 630 2589 quidue
645 2510 813 2578 decernam,
832 2510 904 2570 haut
918 2513 990 2572 scic.
1106 2533 1137 2582 15

124 2590 152 2651 h'
210 2593 346 2670 Regnum
362 2596 504 2671 reposcit.
531 2612 618 2654 causa
634 2596 796 2672 repetentis
812 2594 887 2654 bona
904 2604 957 2666 est,

166 2675 244 2737 malo
261 2679 304 2737 sic
319 2679 457 2755 petentis.
486 2684 554 2738 uota
570 2698 645 2758 quae
661 2679 765 2738 faciam
782 2683 910 2758 parens?

165 2766 319 2839 utrimque
334 2770 434 2823 netum
450 2762 553 2824 uideo:
572 2761 612 2822 nil
627 2780 748 2842 possum
764 2765 812 2842 pie
1134 2785 1189 2834 380

239 2931 270 2979 ln
288 2931 415 2981 codicibus
433 2931 631 2981 Phoeniecarum
653 2934 786 2997 relliquiae
805 2934 944 2984 cohaerent
966 2951 1019 2985 oum
1038 2935 1085 2985 Oe-

166 2999 224 3062 dipi
241 2999 397 3116 skama&
437 2998 605 3049 Continentur
632 3015 728 3050 scaena
750 3003 775 3050 in
798 3002 838 3064 A,
874 3017 963 3052 nonam
991 3006 1086 3054 concti-

166 3072 239 3116 lunnt
357 3103 363 3116 .

230 3217 394 3281 ιΙΟΟΑὸΤΑ
409 3244 415 3256 ·
431 3218 616 3269 SATELLES
628 3244 635 3257 ·
646 3219 844 3274 Ponlntcns
856 3246 863 3259 ·
874 3220 1086 3272 EThEOOLES

165 3286 194 3335 E
223 3286 344 3337 Iocasta.
363 3286 512 3351 Antigone.
533 3287 656 3336 Nuncius
680 3288 703 3336 R
731 3285 743 3352 ll
772 3291 787 3337 2
812 3294 840 3339 et
858 3305 898 3354 sp.
919 3291 983 3338 cunt
1001 3306 1022 3339 ω
1051 3294 1087 3338 ut

165 3364 209 3417 sp.
231 3357 452 3418 caputecrn‘poi.
476 3354 516 3417 Cf.
538 3352 599 3403 Occi.
616 3356 655 3418 fr.
673 3373 697 3405 u.
718 3359 750 3405 18
784 3352 797 3420 Η
828 3357 941 3407 nultra
959 3373 980 3405 ω
1010 3356 1086 3406 uitro

164 3422 199 3474 ci.
219 3420 296 3471 NHo.
327 3417 339 3487 Η
373 3437 451 3471 suum
470 3422 494 3471 Α
525 3437 574 3471 suc
593 3423 618 3471 E
651 3420 662 3488 Η
697 3425 825 3473 bsoelus
844 3424 897 3474 hoc
921 3423 1043 3471 cucurrit
1060 3426 1085 3472 Α

165 3486 269 3537 sceleri
287 3491 409 3538 occurrit
427 3489 452 3539 E
475 3505 543 3542 corr.
564 3490 640 3541 NHc.
669 3486 683 3557 ss
716 3493 747 3541 15
770 3493 866 3555 generi
884 3491 909 3539 Α
939 3505 1041 3554 genero
1061 3492 1086 3540 E

167 3562 189 3604 t.
204 3555 279 3605 nur.
311 3553 323 3622 il
353 3559 385 3607 18
403 3562 547 3621 utrumque
566 3574 588 3607 ω
605 3574 675 3608 corr.
693 3558 743 3610 Bo.
757 3555 768 3623 Η
