2544 4040
508 266 674 314 PHAEDRA

95 411 117 471 t‘
175 411 269 482 Quam
286 410 368 468 uaria
383 407 433 467 leti
449 423 558 484 genera
575 405 731 466 mortalem
747 403 869 464 traiaunt

131 501 318 573 carpuntque
334 493 470 559 turbam,
487 499 596 568 pontus
615 499 644 550 et
658 489 771 550 ferrum
789 495 817 549 et
832 487 901 548 doli.

130 579 262 659 prouidit
277 576 325 637 iile
341 578 486 637 maximus
501 575 609 635 mundi
619 592 727 652 parens

132 682 199 725 oum
215 672 275 723 tarn
291 678 415 740 rapaces
430 666 566 721 cerneret
580 659 631 719 fati
646 676 767 727 manus,

52 809 55 815 .
132 756 166 808 ut
181 748 287 808 damna
303 763 422 825 semper
437 742 542 805 subole
557 751 712 823 repararet
726 761 815 804 noua.

91 832 119 906 g'
175 831 233 892 Sed
249 832 307 892 iata
323 831 428 891 eredas
443 829 542 890 desse:
567 830 609 889 sio
624 838 718 889 atram
734 837 817 907 styga

131 918 189 977 iam
206 916 333 994 petimus
348 913 436 974 ultro.
468 913 609 975 caelibem
624 915 717 974 uitam
733 910 840 990 probet

131 1000 240 1062 sterilis
254 1002 411 1061 iuuentus:
434 999 492 1060 hoo
507 999 564 1058 erit
580 998 720 1077 quioquid
735 996 819 1058 uides

135 1087 224 1146 unius
239 1085 305 1144 aeui
319 1082 406 1144 turba
423 1085 495 1144 etin
510 1089 605 1144 semet
619 1091 696 1144 ruet.

132 1169 259 1247 proinde
275 1169 352 1229 uitae
366 1185 493 1245 sequere
508 1175 644 1228 naturam
659 1167 780 1227 ducem:

132 1253 241 1314 urbem
258 1252 412 1332 frequenta
429 1253 538 1313 ciuium
556 1262 657 1312 coetus
672 1250 746 1311 cole.
950 1318 956 1328 ,
1066 1263 1118 1312 490

96 1345 127 1396 h⁰
181 1350 273 1405 fflPP,
297 1337 363 1397 Non
379 1336 434 1396 alia
451 1337 545 1413 magis
559 1345 604 1396 est
619 1335 710 1396 libera
727 1342 757 1394 et
770 1335 844 1394 uitio
860 1350 966 1395 carens
1017 1339 1151 1387 nnxxnu
1217 1384 1221 1391 .

133 1424 266 1500 ritusque
282 1420 388 1482 meiius
403 1422 462 1480 uita
478 1439 555 1499 quae
570 1421 684 1497 priseos
700 1418 788 1487 eolat,

133 1524 222 1585 quam
238 1524 314 1585 quae
329 1504 439 1566 relictis
454 1504 610 1565 moenibus
624 1504 714 1565 situas
730 1510 817 1564 amat.

102 1601 114 1649 i
177 1590 254 1650 Non
270 1589 374 1650 illum
391 1607 499 1650 anarae
514 1591 621 1649 mentis
636 1588 798 1649 inflammat
812 1588 896 1648 iuror

133 1677 231 1753 quise
247 1675 355 1735 dicauit
373 1675 516 1734 montium
532 1676 679 1734 insontem
695 1675 787 1750 iugis,

132 1777 195 1819 non
210 1776 281 1819 aura
297 1758 399 1837 populi
414 1766 443 1819 et
457 1757 565 1835 uulgus
580 1758 702 1819 infidum
720 1756 804 1817 bonis

133 1861 194 1903 non
210 1841 351 1921 pestilens
365 1843 475 1904 inuidia
491 1861 550 1903 non
566 1842 678 1920 fragilis
693 1842 789 1902 fauor.
851 1856 854 1859 ·

101 1929 122 1987 i'
177 1927 257 1987 Non
272 1926 339 1988 iiie
353 1945 447 2006 regno
463 1929 556 1988 seruit
569 1936 620 1988 aot
633 1944 727 2005 regno
743 1928 889 1987 inminens

70 2078 75 2085 ,
131 2029 227 2073 uanos
242 2012 372 2073 honores
388 2014 523 2091 sequitur
538 2019 588 2071 aot
602 2012 697 2074 ssoxas
713 2028 784 2088 opes

132 2097 198 2174 spei
213 2105 367 2174 metusque
383 2095 467 2157 iiber.
500 2097 578 2176 haud
594 2096 676 2157 iiium
691 2097 777 2172 niger

134 2181 268 2260 edaxque
282 2179 360 2241 liuor
376 2182 463 2242 dente
479 2180 619 2258 degeneri
635 2182 716 2257 petit.

100 2276 122 2325 k
179 2264 241 2326 Nee
255 2265 367 2327 seelera
384 2263 510 2345 populos
525 2268 603 2326 inter
619 2273 707 2344 atque
723 2263 812 2325 urbes
827 2270 891 2324 sata

134 2351 220 2410 nouit
241 2367 297 2410 neo
312 2368 415 2410 omnes
431 2352 568 2410 conscius
583 2351 723 2428 strepitos
739 2358 827 2426 pauet
893 2349 895 2353 ’

135 2441 187 2494 aut
203 2433 293 2494 uerba
309 2435 399 2512 fingit.
431 2433 511 2495 mille
527 2453 587 2495 non
604 2436 720 2514 quaerit
734 2435 794 2511 tegi

135 2519 220 2579 diues
236 2517 380 2578 ooiumois
395 2537 451 2579 neo
466 2518 566 2580 trabes
582 2518 674 2579 multo
690 2517 820 2578 insolens

135 2602 247 2679 suffigit
262 2620 344 2663 auro.
376 2621 435 2663 non
452 2620 541 2664 eruor
556 2603 657 2681 largus
672 2605 735 2682 pias

134 2687 260 2747 inundat
275 2704 340 2747 aras
356 2688 441 2765 irnge
456 2705 513 2749 neo
527 2694 621 2765 sparsi
637 2705 721 2748 soora

128 2777 259 2832 montena
276 2772 356 2832 niuei
373 2771 447 2834 colia
463 2775 652 2834 summittunt
666 2772 768 2833 boues.

93 2855 122 2914 k'
178 2856 236 2917 Sed
253 2873 324 2917 rure
339 2875 434 2917 uacuo
451 2859 562 2935 potitur
573 2860 608 2918 ‘et
622 2865 725 2935 aperto
741 2856 861 2917 aethere

133 2943 282 3001 innocuus
297 2949 387 3011 errat.
418 2940 543 3002 Caliidas
557 2949 670 3009 tantum
687 2943 756 3002 ieris
895 2977 898 2982 -
1068 2948 1118 2998 510

133 3026 277 3086 struxisse
292 3025 413 3087 fraudes
428 3028 513 3086 nouit
527 3034 556 3086 et
572 3026 666 3116 sessus
681 3028 766 3103 graui

201 3179 252 3227 475
271 3176 361 3228 minas
379 3181 403 3227 A
428 3194 525 3229 manus
544 3179 569 3227 E
591 3176 603 3245 ll
626 3180 675 3229 476
695 3177 790 3229 sobole
812 3193 882 3228 corr.
901 3193 937 3227 ex
955 3178 1050 3227 subole

131 3276 168 3328 Ε1
181 3274 194 3344 {i
205 3280 256 3328 490
275 3253 352 3331 e⁰etus
369 3279 395 3328 E
415 3276 427 3345 Η
447 3281 497 3330 493
515 3294 653 3343 quamque
672 3280 697 3328 E
713 3277 725 3346 ΙΙ
740 3280 791 3329 498
809 3280 934 3329 imminet
953 3280 976 3328 A
1000 3279 1051 3327 im-

132 3346 242 3396 minens
260 3360 273 3397 ε
289 3344 369 3414 [1499
387 3362 529 3412 uanosque
548 3364 567 3397 α
578 3344 590 3412 ΙΙ
606 3350 655 3398 502
674 3350 746 3397 inter
764 3351 849 3411 atque
868 3347 893 3395 Ε
910 3344 970 3409 (titt,
991 3349 1053 3395 erat

131 3430 184 3464 ser.
203 3431 234 3464 m.
255 3418 280 3464 2.
301 3418 327 3464 in
344 3417 413 3477 rae.)
437 3412 448 3480 ΙΙ
472 3418 527 3464 sita
545 3432 566 3465 co
585 3420 655 3465 sota
674 3416 749 3464 NHs.
766 3411 779 3481 Η
799 3417 849 3464 594
867 3413 939 3461 haud
961 3413 982 3460 A
1004 3416 1053 3461 out

44 3512 47 3517 ·
131 3482 158 3531 Ε
174 3478 186 3545 ΙΙ
204 3484 254 3533 506
273 3481 399 3547 suffingit
417 3499 443 3558 oq
460 3482 565 3532 suffieit
576 3483 601 3532 E
620 3482 765 3547 suffigitur
786 3496 862 3545 ‚nouo
879 3481 935 3529 eod.
954 3479 1053 3530 sufful-

132 3548 185 3598 eie‘
204 3548 273 3600 Bam
300 3547 311 3615 Η
335 3552 383 3600 507
403 3565 502 3614 sparsa
521 3567 539 3599 oe
558 3549 639 3612 (corr.
659 3553 685 3599 in
703 3552 756 3600 ind.
775 3548 841 3614 err.)
864 3545 878 3614 Η
