2544 4040
477 992 706 1041 HlPPOLYTVS.

57 1119 65 1132 ’
111 1138 128 1169 a
342 1100 385 1160 lte
400 1098 556 1160 umbrosas
571 1100 679 1176 cingite
694 1099 783 1160 siluas

300 1201 473 1263 summaque
488 1185 597 1244 montis
611 1186 677 1261 iuga
694 1184 832 1262 cecropii.

300 1267 389 1329 celeri
404 1268 503 1348 planta
519 1268 641 1331 lustrate
657 1271 725 1346 uagi

299 1370 390 1433 quae
406 1371 511 1414 saxoso
526 1353 590 1414 loca
607 1353 751 1414 Parnethi

298 1437 429 1498 subiecta
445 1439 550 1507 iacent,

299 1537 389 1600 quae
406 1522 534 1583 thriasiis
550 1520 676 1583 uallibus
691 1521 785 1581 anrnis

299 1606 401 1687 rapida
418 1624 542 1667 currens
558 1605 698 1667 uerberat
713 1605 800 1666 unda.

298 1692 429 1752 scandite
445 1690 537 1754 colles
552 1709 671 1769 semper
686 1708 776 1750 canos

299 1778 366 1838 niue
382 1775 512 1854 riphaea.

289 1942 873 2023 ·Hachacaliiquanemusalta
952 1917 954 1922 .
1083 1959 1115 2007 10

299 2032 407 2091 texitur
422 2029 499 2097 alno,
516 2047 585 2108 qua
599 2036 683 2107 prata
699 2030 797 2089 iacent

299 2132 373 2194 quae
387 2115 513 2175 rorifera
529 2113 662 2175 ruulceus
676 2131 745 2174 aura

299 2199 448 2279 zephyrus
462 2215 572 2259 nernas
586 2206 691 2259 euocat
707 2197 823 2267 herbas,

299 2284 350 2344 ubi
365 2302 419 2362 per
434 2281 561 2359 graciles
576 2282 650 2344 lenis
664 2282 773 2352 llissus,

299 2367 350 2428 uhi
366 2367 540 2428 maeandros
555 2386 609 2446 per
624 2365 793 2444 inaequales

299 2452 407 2513 labitur
422 2470 511 2530 agros
527 2454 610 2530 piger
636 2460 666 2512 ct
681 2451 797 2511 steriles

300 2554 385 2597 amne
402 2535 530 2614 maligno
547 2537 623 2597 radit
637 2538 774 2596 harenas.
878 2542 884 2551 ’

189 2738 341 2806 'INCIPIT
353 2754 529 2803 PHAEDRA
541 2755 629 2806 LEGI
637 2781 643 2792 ·
651 2753 854 2805 INNOOENTI
866 2751 1066 2803 FELICITER

143 2825 170 2874 E
195 2821 371 2874 PHAEDRA
389 2823 430 2871 uu
447 2823 483 2885 cf.
502 2823 586 2873 Prisc.
605 2840 632 2887 p.
646 2826 700 2873 253
710 2820 759 2888 (K)
795 2819 1027 2873 HIPPOLYTVS
1040 2820 1064 2868 Α

208 3006 251 3056 .In
269 3007 310 3055 ltu
327 3007 366 3057 bia
383 3009 497 3071 scriptus
514 3014 553 3057 eet
573 3010 670 3071 primus
687 3015 768 3062 actua.
814 3004 827 3075 Η
872 3010 888 3058 4
914 3021 983 3057 saxa
1009 3004 1067 3056 solo

87 3092 92 3105 ·
145 3078 300 3138 carpuneto
318 3075 344 3124 Α
374 3089 472 3125 saxoso
490 3075 554 3125 loca
576 3081 693 3141 parneio
711 3078 734 3127 It
755 3091 864 3127 'saxosa
882 3075 945 3126 loca
967 3089 1065 3139 parne-

144 3142 193 3192 tho
212 3141 238 3191 E
256 3157 326 3193 corr.
339 3141 457 3207 Scaliger
479 3139 492 3208 ΙΙ
514 3145 530 3192 c
549 3148 577 3194 et
595 3159 666 3208 quae
685 3144 784 3195 thiasis
801 3153 825 3209 ψ
843 3148 872 3194 et
890 3158 962 3208 quae
981 3142 1067 3191 thria-

143 3209 184 3260 ais
203 3225 222 3259 u
249 3213 278 3259 et
295 3226 343 3261 om.
356 3209 382 3259 E
394 3217 414 3264 t.
428 3210 515 3269 I.Gr.,
534 3212 623 3261 tristis
641 3212 666 3261 Ε
684 3228 753 3264 corr.
766 3212 912 3277 LScoppa·
927 3207 939 3277 ΙΙ
969 3212 1001 3260 14
1018 3208 1067 3259 ubi

142 3293 194 3343 per
212 3278 318 3342 glacies
341 3278 415 3328 leuis
432 3278 541 3329 Elissua
560 3281 584 3329 Α
611 3281 659 3329 ubi
677 3297 726 3346 per
744 3280 863 3348 glaciles
882 3278 954 3329 lenis
974 3276 1066 3327 illisus

141 3343 178 3394 Ε1
197 3343 279 3405 ‚elis‘
292 3343 329 3394 ΕΡ
346 3362 447 3396 uersum
465 3354 547 3411 orma
566 3363 615 3412 per
627 3347 739 3413 glareas
756 3353 789 3401 ci.
801 3350 884 3412 Lipa,
903 3362 955 3412 par
973 3342 1064 3408 glacie

140 3415 173 3466 ci.
190 3412 262 3463 (irat.
279 3413 445 3479 pergracilia
457 3413 561 3478 ci.Bo.,
579 3431 648 3469 carr.
665 3417 743 3467 tiron.
767 3413 779 3483 ll
803 3419 835 3467 15
853 3416 900 3466 ubi
913 3410 1066 3463 Maeander

141 3495 227 3599 {Epor
242 3481 388 3615 gfquagesss
398 3498 417 3532 α
440 3482 603 3547 inaequales
620 3492 644 3548 ψ
662 3500 710 3535 om.
723 3484 794 3533 ΕΜ]
811 3499 881 3535 corr.
896 3481 935 3534 M.
945 3482 1044 3544 Haupt.
1057 3473 1068 3543 ll

196 3563 239 3598 se
273 3563 303 3598 ea
