2576 4044
553 237 677 286 MEDEA

85 397 89 406 ·
157 389 263 458 gnatos
279 378 422 440 tulissem.
453 377 561 439 sterilis
576 378 606 437 in
622 393 733 454 poenas
750 375 800 435 lui.

158 466 243 526 fratri
257 466 393 544 patrique
408 462 486 542 quod
501 470 547 522 sat
563 469 622 530 est,
640 462 743 539 peperi
759 461 842 520 duos.

123 561 142 610 h
203 550 338 620 Quonam
354 550 408 608 ista
425 547 517 608 tendit
532 545 618 606 turba
632 546 777 606 furiarum
792 546 947 621 inpotens?

159 653 247 712 quem
263 634 379 713 quaerit
395 639 446 692 aut
461 649 520 708 quo
536 630 691 691 flammeos
706 631 781 690 ictus
796 629 898 706 parati

158 726 209 780 aut
225 719 272 778 cui
288 725 428 779 cruentas
443 733 549 794 agmen
565 716 714 775 infernum
731 714 810 775 laces

158 804 303 863 intentati
327 803 431 878 ingens
445 802 550 877 anguis
565 816 688 860 excusso
705 807 791 859 sonat

158 895 256 948 tortus
270 884 397 964 flagello.
428 902 515 961 qrrem
531 884 616 944 trabe
631 883 736 944 inlesta
753 884 826 962 petil

158 971 315 1049 Megaera?
338 972 421 1030 cuius
437 968 542 1028 umbra
558 968 700 1047 dispersis
715 970 797 1029 uenit

159 1056 271 1116 incerta
288 1054 448 1115 membris?
472 1053 563 1113 irater
578 1062 631 1114 est.
663 1070 774 1129 poenas
790 1055 871 1131 petit.

127 1149 138 1198 i
203 1138 358 1208 Dabimus,
375 1137 426 1199 sed
443 1154 555 1197 omncs.
589 1139 645 1215 lige
660 1137 822 1198 luminibus
837 1137 926 1198 laces.

119 1282 121 1285 .
160 1220 247 1283 lania.
278 1240 397 1300 perure.
427 1229 531 1299 pectus
547 1240 584 1281 en
601 1222 686 1281 iuriis
701 1229 790 1300 patet.
806 1258 849 1269 -

160 1307 315 1368 discedere
331 1326 347 1368 a
363 1325 410 1367 me
425 1306 518 1366 irater
533 1305 655 1366 ultrices
671 1304 742 1365 deas

162 1408 323 1467 manesque
339 1391 375 1450 ad
391 1393 465 1450 imos
479 1392 525 1448 ire
539 1407 660 1450 securas
675 1388 760 1449 iube:

161 1475 234 1535 mibi
250 1494 297 1536 me
313 1473 448 1552 relinque
464 1481 494 1533 et
508 1481 594 1534 utere
610 1474 666 1534 bac
681 1474 772 1533 irater
787 1492 877 1536 manu

161 1577 237 1638 quae
252 1561 370 1619 strinxit
385 1576 496 1620 ensem.
529 1560 649 1619 uictima
664 1575 766 1618 manes
781 1565 847 1619 tuos

162 1642 312 1723 placamus
326 1645 392 1703 ista.
437 1634 446 1655 “

439 1725 514 1795 Quid
530 1744 639 1805 repens
654 1726 753 1787 adfert
767 1729 875 1788 sonus?
917 1793 923 1807 ..

162 1819 305 1889 parantur
321 1829 401 1879 arma
418 1829 525 1889 meque
541 1812 571 1870 in
588 1812 709 1872 exitium
724 1819 837 1888 petunt.

164 1895 277 1956 excelsa
294 1902 414 1956 nostrae
429 1904 507 1957 tecta
523 1896 721 1956 conscendam
737 1895 843 1956 domus

164 1980 255 2040 caede
271 1978 416 2041 inchoata.
447 1998 539 2059 perge
554 1986 585 2041 tu
602 1998 718 2041 mecum
735 1998 845 2040 comes.

163 2071 245 2124 tuum
262 2081 380 2141 quoque
396 2066 459 2142 ipsa
476 2081 587 2143 corpus
602 2065 670 2124 binc
686 2082 802 2124 mecum
818 2064 953 2125 auebam.

162 2165 243 2208 nunc
258 2148 316 2208 boc
331 2165 385 2225 ege
401 2149 507 2209 anime.
539 2165 598 2208 non
614 2151 643 2209 in
661 2149 777 2209 occulto
792 2148 846 2209 tibi
861 2157 906 2210 est

162 2232 313 2309 perdenda
330 2233 438 2303 uirtus,
454 2231 586 2311 approba
604 2232 714 2312 populo
730 2251 859 2294 manum.

129 2329 149 2378 k
206 2314 481 2397 oceanumque
497 2334 601 2395 regum
618 2316 751 2376 cladibus
766 2317 841 2378 lidus
857 2315 939 2378 doles

164 2418 328 2470 concurre,
345 2409 379 2461 ut
392 2402 486 2478 ipsam
503 2399 624 2461 sceleris
639 2409 791 2461 auctorem
806 2401 920 2461 horridi

164 2486 330 2562 capiamus,
347 2485 406 2547 huc
422 2485 480 2546 buc
496 2486 581 2544 lortis
597 2486 727 2545 armileri
743 2486 850 2546 cobcrs

163 2569 297 2629 conferte
312 2568 378 2629 tela.
410 2572 516 2630 uertite
533 2587 568 2629 ex
584 2570 644 2629 imo
660 2570 790 2630 domum.

130 2656 148 2716 i'
207 2667 293 2714 mnu.
316 2654 376 2714 lam
393 2655 450 2713 iam
466 2654 567 2731 recepi
582 2665 699 2731 sceptra
715 2671 890 2731 germanum
906 2661 1022 2733 patrem
1097 2650 1148 2701 ⁰90

163 2736 352 2817 spoliumque
367 2730 469 2798 Colchi
484 2739 607 2817 pecudis
622 2745 742 2799 auratae
757 2745 870 2800 tenent.

164 2822 281 2882 rediere
296 2840 398 2899 regna.
428 2830 512 2900 rapta
528 2824 681 2900 uirginitas
696 2824 781 2885 redit.

165 2925 182 2967 o
198 2906 311 2986 placida
329 2907 447 2967 tandem
463 2909 594 2968 numina,
625 2927 642 2967 o
658 2909 766 2969 festum
782 2909 870 2969 diem.

232 3177 282 3226 967
301 3190 458 3241 squameus
476 3178 510 3226 ci.
529 3176 578 3228 Bo.
596 3173 609 3244 ll
630 3177 714 3229 rictus
733 3180 765 3232 ci.
784 3179 834 3228 Hc.
853 3174 865 3243 [Ι
885 3179 934 3228 969
953 3177 1000 3242 ign
1018 3193 1081 3228 san-

162 3244 228 3307 guis
245 3243 271 3294 Ε
293 3245 391 3309 ingens
409 3245 510 3309 anguis
529 3244 553 3292 A
576 3240 589 3311 ll
611 3247 662 3296 977
679 3245 836 3311 relinquere
853 3250 932 3296 utere
950 3245 975 3294 Ε
997 3242 1009 3309 Η
1031 3247 1082 3295 979

164 3311 310 3375 placamus
322 3312 364 3362 Αε
375 3311 519 3378 placemus
532 3310 610 3362 Ortel.
630 3309 696 3379 1983
708 3314 769 3378 ipse
781 3315 807 3363 Α
819 3309 941 3378 iponEss
954 3312 1042 3361 erlehe
1057 3312 1081 3361 Α

164 3377 284 3428 aueham
301 3376 411 3445 Ε11985
428 3394 479 3445 per
499 3378 571 3430 ends
588 3380 614 3429 Ε
633 3379 698 3446 1986
715 3396 810 3446 regum
830 3396 859 3430 es
878 3380 902 3429 Α
923 3394 953 3429 es
971 3379 1056 3430 emh*
1072 3376 1082 3444 ΙΙ

164 3445 263 3496 dolens
279 3446 305 3495 A
330 3447 408 3498 doles
426 3447 451 3496 Ε
479 3395 496 3513 ff
525 3449 575 3499 988
594 3450 726 3513 armigeri
744 3450 769 3500 Α
797 3448 920 3499 armiferi
938 3447 964 3495 E
992 3443 1004 3512 ΙΙ
1032 3449 1083 3497 999

163 3514 252 3580 recipi
270 3511 318 3581 ΕΙΙ
330 3518 380 3567 993
397 3517 509 3567 nominc
526 3515 552 3563 Ε
574 3512 586 3581 Η
