2544 4046
224 255 268 320 60
506 269 538 316 1..
554 269 688 317 Annam
704 269 863 317 sennenn

226 428 280 470 nus
295 427 415 488 queque
429 416 602 476 tremamus,
618 426 743 486 quaere:
759 410 817 468 iam
834 415 934 468 trustra
949 407 1029 469 subit

226 513 243 554 e
257 494 350 572 stirpe
363 492 452 554 turba
467 511 544 571 quae
558 511 644 553 suum
660 495 761 553 uiuent
775 508 870 570 genus

225 597 260 639 ac
276 596 325 638 me
339 579 528 638 innocentem
545 578 632 637 iaciat
647 584 677 637 et
691 578 793 637 inausa
809 576 925 638 audeat.

192 678 208 712 e
267 662 402 739 Reginae
417 661 559 740 quiequid
574 662 653 738 inpia
669 670 766 722 cessat
779 660 847 730 loci,

226 745 389 825 conpletis,
407 763 571 824 numquam
585 753 683 806 stante
697 735 822 826 peliip'ea
838 745 929 806 domo

224 831 322 893 Minus
336 830 464 893 uacant„

210 928 304 975 ,nure
509 931 601 993 perge
617 913 798 975 detestabilis

187 1018 191 1022 “
226 999 332 1060 umbra
348 1007 378 1059 et
392 1008 515 1077 penates
530 999 628 1075 inpios
649 998 761 1060 iuriis
781 1016 846 1076 age.
971 1011 1008 1084 Ψ
1029 990 1040 1011 ¹

191 1116 206 1151 c
269 1084 406 1146 Certetur
421 1085 502 1142 omni
517 1081 632 1144 scelere
653 1091 684 1141 et
697 1082 809 1143 alterna
826 1083 891 1144 uiue
945 1070 973 1139 i
1166 1101 1203 1152 25

193 1162 199 1173 '
226 1158 390 1246 stringatur
405 1168 493 1229 ensis.
525 1184 581 1228 nee
596 1168 634 1227 sit
647 1169 762 1229 irarum
777 1167 909 1228 medus‘
925 1114 958 1215 it

226 1252 378 1332 pudorne:
395 1259 510 1314 mentes
525 1270 632 1312 caecus
645 1253 765 1330 instiget
780 1252 902 1323 furor,

225 1336 324 1399 rabies
339 1345 495 1415 parentum
510 1336 598 1398 duret
612 1345 642 1397 et
656 1336 778 1415 longum
794 1337 878 1397 nefas

226 1430 273 1484 eat
288 1426 318 1483 in
333 1430 467 1501 nepotes.

192 1525 210 1574 b
506 1505 670 1586 Nequacet
684 1505 821 1585 cuiquam
838 1513 924 1569 uetus

227 1591 324 1652 edisse
340 1591 498 1651 crimen:
522 1609 641 1668 semper
656 1592 770 1650 oriatur
785 1608 896 1651 nouum
1163 1609 1201 1658 au

227 1694 283 1736 nee
299 1693 391 1735 unum
407 1676 438 1735 in
453 1693 528 1743 unu,
545 1675 675 1754 dumque
689 1677 812 1753 punitur
826 1674 967 1745 scelus,

227 1766 352 1820 creseat.
376 1759 514 1837 superbis
529 1758 672 1820 iratribus
687 1776 800 1838 regna
817 1760 954 1821 excidant

226 1852 403 1923 repetatque
418 1844 563 1924 profugos
583 1843 673 1905 dubia
688 1843 835 1905 uiolentae
849 1845 956 1905 domus

227 1929 355 1992 fortuna.

186 2023 215 2081 b'
392 2013 489 2092 Reges
503 2014 581 2074 inter
599 2014 729 2073 incertus
744 2013 824 2075 labet

228 2098 334 2180 [miser
346 2106 525 2176 expetente
536 2101 609 2172 fiat,
625 2102 790 2160 mmuero
799 2095 924 2179 poteras]
1162 2113 1200 2164 ss

225 2183 378 2261 fluctuque
392 2198 456 2260 reg
469 2200 552 2244 uum
568 2199 655 2244 casus
670 2182 793 2244 adsiduo
810 2182 894 2244 ferat.

226 2268 265 2328 ub
286 2266 433 2329 scelera
453 2265 548 2345 pulsi,
572 2285 639 2327 eum
656 2266 737 2328 dabit
750 2270 875 2348 patriam
891 2267 974 2336 deus,

227 2354 256 2413 in
277 2350 426 2414 scelera
447 2353 573 2414 redeant
593 2354 710 2431 sintque
725 2360 786 2413 tam
801 2352 889 2413 inuisi
905 2351 1053 2422 amnibus,

226 2456 315 2517 quam
330 2437 397 2499 sibi.
427 2437 498 2498 nihii
514 2438 552 2497 sit
567 2438 610 2498 ira
627 2436 705 2514 quod
721 2439 846 2498 uetitum
861 2445 960 2517 putet:

192 2538 208 2573 e
268 2522 438 2583 Fratrem
459 2528 637 2600 erpaueseat
651 2521 787 2592 frater,
804 2528 834 2582 et
848 2529 968 2598 gnatum
984 2538 1095 2600 parens
1160 2534 1199 2585 tu

225 2614 390 2685 gnatusque
405 2614 537 2684 patrem,
554 2604 640 2667 liberi
655 2616 779 2684 pereant
794 2604 879 2675 male,

225 2691 310 2768 peius
325 2697 423 2750 tamen
440 2697 613 2761 nascantur,
628 2690 772 2752 inmineat
788 2691 853 2751 uiro

226 2775 330 2835 intesta
348 2774 494 2842 coniunx,
509 2772 587 2834 bella
602 2781 685 2835 trans
699 2782 823 2852 pontum
839 2774 958 2836 uehunt.

191 2852 215 2912 ἅ
262 2859 379 2920 Effusus
394 2859 491 2920 omnis
505 2858 612 2935 inriget
626 2866 722 2920 terras
738 2877 829 2920 cruor

225 2962 375 3024 supraque
390 2959 514 3021 magnus
529 2943 661 3019 gentium
677 2943 788 3005 exultet
803 2944 894 3006 duces

226 3028 317 3089 libido
333 3028 449 3089 uictrix.
471 3027 549 3106 inpia
565 3036 700 3108 stuprum
716 3029 747 3088 in
763 3029 852 3088 domo

225 3111 410 3175 leuissimum
425 3113 472 3174 sit.
507 3112 644 3173 fratris
659 3120 688 3173 et
704 3112 747 3173 ias
763 3123 790 3174 et
806 3113 879 3174 fides

292 3352 325 3403 23
341 3349 390 3401 Mi.
401 3351 427 3401 A
444 3348 565 3400 ruma.
583 3348 609 3399 Ε
627 3346 676 3414 (sie
685 3366 736 3414 per
747 3356 825 3400 totum
835 3345 995 3467 scaenamp
1010 3349 1141 3401 26strin·
1260 3320 1261 3327 ἵ

224 3424 326 3486 gantur
343 3432 425 3470 enses
442 3420 467 3468 A
499 3417 654 3484 stringatur
671 3432 732 3468 eser
750 3417 776 3466 E
797 3419 857 3478 (etr.
877 3418 951 3468 ensis
1013 3414 1130 3482 t.Gr.)ss

224 3490 464 3619 lupetppppetupptqpe
481 3485 507 3534 E
519 3485 590 3538 Μὶν.
622 3488 829 3550 repetstquarp
857 3482 870 3550 11
898 3488 932 3537 85
954 3486 1040 3536 deletu
1066 3480 1079 3550 ΙΙ
1106 3486 1142 3537 86
