2504 4040
602 222 724 269 munau
1056 206 1120 273 ata

206 381 290 425 ruens
305 363 383 422 intus
398 363 502 438 agitat,
519 359 642 422 uulnera
659 370 686 421 et
702 362 822 423 caedem
839 370 868 423 et
883 379 991 441 uagum

207 450 294 509 sunus
310 465 364 526 per
380 456 470 507 artus.
500 445 576 505 leuia
593 449 757 507 memaraui
772 448 873 507 nimis:

207 533 280 593 llaec
296 534 380 609 uirgo
396 532 467 602 feci,
484 531 604 609 grauior
620 540 744 609 exurgat
759 531 853 593 dulor.

172 618 207 678 a‘'
250 618 359 678 Maiora
376 618 433 676 iam
449 634 496 675 me
511 614 623 676 scelera
639 625 707 694 past
723 625 823 694 partus
839 618 958 677 decent:
1138 631 1172 678 50

207 702 362 779 accingere
377 703 420 761 ira
435 708 525 781 teque
541 702 571 759 in
588 702 710 761 exitium
726 719 798 780 para

207 787 308 847 surore
325 793 394 846 teto.
426 788 682 864 parianarreutur
695 794 745 847 tua

118 891 120 895 ·
206 870 328 950 repudia
345 870 491 931 thalamis.
524 888 581 948 qun
597 871 695 931 uirum
710 871 818 949 linquis
834 870 941 930 madai

207 956 264 1016 hcc
280 973 339 1032 qun
355 964 454 1015 secuta
472 972 514 1015 es.
546 972 652 1033 rumpe
667 958 726 1015 iam
743 972 849 1032 segnes
865 972 977 1015 maras:
1084 1020 1088 1031 „

207 1059 282 1118 quae
297 1039 411 1101 scelere
426 1047 509 1117 parta
526 1047 583 1107 est,
600 1041 714 1102 scelere
729 1039 889 1120 linquenda
905 1047 950 1101 est
965 1039 1079 1100 lamus.
1138 1054 1172 1104 55

589 1305 735 1354 CHORVS.

174 1490 192 1523 a
336 1463 379 1523 Au
396 1480 499 1539 regum
517 1460 661 1522 thalamos
677 1465 798 1522 numine
813 1480 959 1542 prospero

293 1549 344 1627 qui
358 1545 471 1607 caelum
488 1548 588 1625 superi
604 1549 714 1626 quique
729 1556 837 1624 regunt
852 1548 961 1609 fretum

293 1633 387 1692 adsint
402 1650 468 1691 cum
485 1629 602 1710 populis
618 1633 673 1692 rite
690 1631 865 1693 fauentibus.

339 1801 470 1861 Primum
486 1800 668 1879 sceptriferis
683 1799 757 1861 colla
775 1801 944 1863 tonantibus

294 1896 398 1947 taurus
413 1885 490 1945 celsa
506 1887 582 1947 ierat
598 1894 716 1963 tergere
733 1887 871 1956 candido,

293 1971 434 2030 Lucinam
451 1971 529 2030 niuei
545 1970 652 2030 semina
669 1974 804 2049 carparis

294 2058 464 2133 intemptata
480 2057 550 2131 iugc
565 2054 663 2134 placet
678 2064 707 2116 et
721 2073 841 2134 aspera.

337 2223 438 2284 Martis
452 2225 629 2301 sanguineas
643 2242 719 2301 quae
734 2224 853 2284 cohibet
867 2243 988 2295 manus,

295 2327 372 2386 quae
388 2308 438 2369 dat
453 2307 603 2383 belligeris
619 2308 738 2369 laedere
754 2308 891 2386 gentibus

295 2402 324 2453 et
340 2410 432 2453 cornu
449 2393 557 2452 retinet
572 2392 663 2451 diuite
679 2395 809 2470 copiam,

295 2478 421 2539 donetur
437 2485 539 2538 tenera
556 2478 656 2537 mitior
671 2477 775 2538 hostia.

341 2646 384 2706 Et
398 2653 436 2706 tu
451 2646 513 2725 qui
528 2645 641 2706 facibus
657 2646 794 2723 legitimis
810 2639 880 2710 ades

295 2738 413 2791 noctem
431 2731 591 2793 discutiens
607 2733 726 2810 auspice
742 2733 878 2803 dextera,

294 2816 353 2875 huc
368 2815 471 2876 incede
487 2817 580 2893 gradu
597 2815 744 2878 marcidus
759 2818 844 2878 ebria

294 2901 489 2979 praecingens
505 2919 592 2962 roseo
608 2909 742 2978 tempera
758 2902 887 2964 uinculo.

213 3071 413 3080 ——.—-.

278 3174 309 3220 47
329 3187 416 3236 uagos
436 3186 454 3219 u
466 3167 477 3236 ΙΙ
489 3172 522 3221 53
540 3170 648 3235 linques
666 3173 692 3221 A
711 3173 814 3236 linquis
832 3182 871 3237 εψ
883 3170 896 3241 ΙΙ
908 3176 940 3225 55
959 3178 1044 3238 pactu
1062 3172 1126 3237 ΜΨ

211 3243 293 3303 parta
310 3239 362 3288 EA
387 3235 398 3304 ll
421 3237 526 3288 scelere
544 3244 686 3304 rumpetur
703 3239 771 3290 fides
789 3242 829 3290 nu
846 3258 885 3292 ae.
905 3242 1044 3305 linquetur
1063 3237 1126 3303 (lin-

210 3310 312 3370 quatur
330 3307 365 3370 ψ)
385 3309 478 3355 domus
497 3307 521 3354 A
541 3322 578 3356 sc.
596 3307 747 3371 linquenda
766 3313 809 3358 est
827 3310 922 3360 domus
940 3310 966 3359 E
988 3306 1000 3374 ll
1023 3310 1056 3358 59
1075 3308 1128 3371 pri·

211 3389 269 3423 mus
282 3375 306 3424 A
326 3376 440 3440 primum
453 3374 479 3422 E
490 3369 502 3439 Η
517 3375 548 3423 61
569 3374 699 3425 feminam
712 3375 736 3424 E
746 3372 759 3443 ll
776 3379 808 3427 62
826 3378 929 3443 placet.
949 3380 977 3426 et
997 3375 1089 3440 asperi
1106 3392 1128 3425 aa

209 3456 279 3492 corr.
298 3443 363 3492 ΗΡ.
384 3444 441 3492 coll.
464 3443 542 3506 Verp.
564 3443 656 3508 Georq.
679 3444 737 3493 III.
750 3448 797 3495 ὅδε
816 3450 864 3495 aut
881 3447 948 3510 iuga
966 3443 1127 3494 detractans

210 3509 401 3574 interdumque
421 3525 521 3575 aspera
540 3525 631 3564 cornu.
655 3507 668 3577 ΙΙ
