2544 4046
223 194 270 281 tt
468 233 470 236 ⁴
504 229 538 275 n.
555 227 691 281 sunam
708 226 866 279 enuncia

378 374 408 430 et
422 374 575 447 sceptrum
589 368 703 431 scalere
718 369 862 448 aggredit

378 456 499 516 noscitis
514 453 613 534 cupidi
629 453 743 514 arcium

376 556 502 616 regnum
518 556 578 619 quo
593 540 687 601 iaceat
701 537 777 600 loco.

421 709 534 786 Regem
549 724 610 768 non
625 708 738 769 laniitnt
752 725 834 787 opos,

377 812 450 856 non
465 795 556 857 uastis
570 794 664 873 tyriae
680 790 772 861 colos,

376 896 448 939 non
463 879 571 940 frontis
583 883 652 937 nota
668 877 777 955 regico,

376 981 449 1027 non
466 980 540 1026 auno
555 962 665 1025 nitidae
679 962 776 1023 foros:

380 1045 453 1133 [non
468 1049 615 1124 quicquid
623 1047 711 1120 fodit
724 1049 867 1111 cccmus

378 1140 433 1194 ont
447 1135 532 1193 ouda
550 1132 654 1206 Tauno
668 1149 767 1195 aurea
908 1160 913 1165 ·

317 1276 320 1281 ⁴
375 1220 462 1281 clarc
477 1219 598 1280 deuenit
613 1211 725 1298 cluam]

376 1321 449 1364 non
466 1301 604 1383 quicquid
620 1300 725 1380 libycis
740 1301 809 1363 terit

375 1388 496 1449 ienucns
511 1404 581 1449 area
595 1386 753 1453 messibus.

417 1555 483 1619 Rex
496 1566 540 1618 cst
556 1557 605 1633 qui
619 1556 718 1633 posuit
732 1563 829 1616 metus

378 1648 407 1701 et
422 1641 478 1702 diri
494 1639 570 1703 mala
585 1641 724 1722 pectoris,

376 1742 482 1804 quem
497 1743 570 1787 non
585 1723 707 1787 ambitio
722 1726 861 1804 inpotens

375 1816 404 1871 et
418 1829 579 1890 numquam
595 1808 709 1873 stabilis
722 1810 807 1871 lanor

374 1893 456 1973 uulgi
471 1896 642 1975 praecipitis
656 1902 766 1964 mouet,

419 2066 531 2137 Quem
547 2083 619 2126 non
635 2064 785 2127 concutiet
800 2063 909 2127 cadens

374 2147 487 2229 obliqui
501 2151 551 2211 uia
565 2148 696 2211 fulminis

375 2253 435 2297 non
450 2233 548 2296 Eurus
564 2237 683 2313 rapiens
698 2251 791 2304 marc,

373 2328 424 2382 aut
438 2338 528 2381 saeuo
542 2317 664 2380 rabidus
678 2319 756 2380 irato

372 2406 489 2467 uentosi
504 2413 601 2466 tumor
617 2402 754 2466 Hadriae.

416 2575 527 2646 Quem
543 2591 613 2635 non
628 2572 731 2634 lancea
746 2571 855 2643 militis,

373 2675 444 2719 non
459 2659 579 2721 strictus
594 2658 708 2721 domuit
723 2656 851 2738 chalybs,

374 2743 426 2820 qui
440 2748 504 2804 tuto
519 2745 633 2821 positus
647 2744 713 2805 loco

371 2826 448 2888 inira
466 2845 498 2887 sc
514 2827 596 2887 uidet
611 2831 709 2889 omnia

373 2912 562 2990 occurritque
577 2930 631 2972 suo
646 2912 742 2975 libens

371 2997 432 3059 fato
447 3013 503 3077 nco
518 2998 653 3076 queritur
668 2999 753 3059 mori.

218 3168 422 3179 ..ἠ-ὴ

287 3272 336 3322 347
358 3272 454 3322 trabes
466 3271 492 3322 Α
514 3280 540 3323 et
557 3273 677 3325 Lactant.
702 3274 744 3324 ad.
764 3272 831 3325 Stat.
850 3271 928 3325 rtet.
945 3270 995 3322 IV
1003 3273 1071 3335 530,
1095 3274 1141 3328 uba·

218 3357 258 3390 ceu.
277 3341 421 3391 342-362
440 3340 526 3406 affert.
545 3341 620 3392 fores
638 3341 664 3390 Ε
691 3336 703 3408 ll
732 3342 876 3392 363-357
894 3341 941 3390 ltuc
959 3342 1139 3408 reposuimus

218 3406 352 3461 Swobodo.
379 3409 522 3459 363-336
540 3411 630 3459 desunt
647 3412 674 3459 in
691 3408 717 3459 E
736 3405 748 3475 ss
771 3413 820 3462 369
838 3408 972 3473 obluuqui
989 3410 1016 3461 E
1086 3412 1136 3462 331

218 3476 332 3542 rapidus
349 3476 374 3524 A
402 3475 516 3527 rabidus
534 3475 561 3526 E
588 3473 600 3543 ΙΙ
629 3479 678 3530 363
696 3478 808 3529 immitis
827 3478 853 3528 E
874 3476 971 3528 militis
989 3478 1015 3529 A
1043 3474 1048 3543 1
