<?xml version="1.0" encoding="UTF-8"?>
<!DOCTYPE html PUBLIC "-//W3C//DTD XHTML 1.0 Transitional//EN"
    "http://www.w3.org/TR/xhtml1/DTD/xhtml1-transitional.dtd">
<html xmlns="http://www.w3.org/1999/xhtml" xml:lang="en" lang="en">
 <head>
  <title>
</title>
<meta http-equiv="Content-Type" content="text/html;charset=utf-8" />
  <meta name='ocr-system' content='tesseract 3.04.00' />
  <meta name='ocr-capabilities' content='ocr_page ocr_carea ocr_par ocr_line ocrx_word'/>
</head>
<body>
  <div class='ocr_page' id='page_1' title='image "./lannaeisenecaet08senegoog_0286.png"; bbox 0 0 2544 4040; ppageno 0'>
   <div class='ocr_carea' id='block_1_1' title="bbox 492 229 642 277">
    <p class='ocr_par' dir='ltr' id='par_1_1' title="bbox 492 229 642 277">
     <span class='ocr_line' id='line_1_1' title="bbox 492 229 642 277; baseline 0 0"><span class='ocrx_word' id='word_1_1' title='bbox 492 229 642 277; x_wconf 86' lang='lat' dir='ltr'>OEDIPVS</span> 
     </span>
    </p>
   </div>
   <div class='ocr_carea' id='block_1_2' title="bbox 41 369 916 1296">
    <p class='ocr_par' dir='ltr' id='par_1_2' title="bbox 41 369 916 1296">
     <span class='ocr_line' id='line_1_2' title="bbox 104 369 764 449; baseline -0.011 -15"><span class='ocrx_word' id='word_1_2' title='bbox 104 386 162 435; x_wconf 76' lang='lat' dir='ltr'>cn.</span> <span class='ocrx_word' id='word_1_3' title='bbox 186 372 278 433; x_wconf 87' lang='lat' dir='ltr'>odere</span> <span class='ocrx_word' id='word_1_4' title='bbox 293 387 380 449; x_wconf 85' lang='lat' dir='ltr'>reges</span> <span class='ocrx_word' id='word_1_5' title='bbox 395 370 470 430; x_wconf 85' lang='lat' dir='ltr'>dieta</span> <span class='ocrx_word' id='word_1_6' title='bbox 488 388 563 448; x_wconf 90' lang='lat' dir='ltr'>quae</span> <span class='ocrx_word' id='word_1_7' title='bbox 578 370 635 430; x_wconf 84' lang='lat' dir='ltr'>diei</span> <span class='ocrx_word' id='word_1_8' title='bbox 651 369 764 431; x_wconf 90' lang='lat' dir='ltr'>iubent.</span> 
     </span>
     <span class='ocr_line' id='line_1_3' title="bbox 64 453 888 533; baseline 0.001 -21"><span class='ocrx_word' id='word_1_9' title='bbox 64 479 87 512; x_wconf 85' lang='grc' dir='ltr'><strong>α</strong></span> <span class='ocrx_word' id='word_1_10' title='bbox 153 471 235 517; x_wconf 82' lang='lat' dir='ltr'>nnn.</span> <span class='ocrx_word' id='word_1_11' title='bbox 259 456 382 517; x_wconf 90' lang='lat' dir='ltr'>Mitteris</span> <span class='ocrx_word' id='word_1_12' title='bbox 397 454 496 516; x_wconf 82' lang='lat' dir='ltr'><strong>Erebo</strong></span> <span class='ocrx_word' id='word_1_13' title='bbox 511 453 569 515; x_wconf 83' lang='lat' dir='ltr'>uile</span> <span class='ocrx_word' id='word_1_14' title='bbox 585 473 640 533; x_wconf 88' lang='lat' dir='ltr'>pro</span> <span class='ocrx_word' id='word_1_15' title='bbox 656 456 770 515; x_wconf 87' lang='lat' dir='ltr'>eunetis</span> <span class='ocrx_word' id='word_1_16' title='bbox 786 461 888 533; x_wconf 84' lang='lat' dir='ltr'>eaput,</span> 
     </span>
     <span class='ocr_line' id='line_1_4' title="bbox 106 541 643 617; baseline -0.013 -12"><span class='ocrx_word' id='word_1_17' title='bbox 106 560 218 612; x_wconf 75' lang='lat' dir='ltr'>areana</span> <span class='ocrx_word' id='word_1_18' title='bbox 233 542 309 603; x_wconf 88' lang='lat' dir='ltr'>saeri</span> <span class='ocrx_word' id='word_1_19' title='bbox 324 558 400 601; x_wconf 85' lang='lat' dir='ltr'>uene</span> <span class='ocrx_word' id='word_1_20' title='bbox 415 541 447 600; x_wconf 93' lang='lat' dir='ltr'>ni</span> <span class='ocrx_word' id='word_1_21' title='bbox 462 541 570 617; x_wconf 86' lang='lat' dir='ltr'>retegis</span> <span class='ocrx_word' id='word_1_22' title='bbox 585 547 643 600; x_wconf 90' lang='lat' dir='ltr'>tua.</span> 
     </span>
     <span class='ocr_line' id='line_1_5' title="bbox 104 623 828 689; baseline -0.007 0"><span class='ocrx_word' id='word_1_23' title='bbox 104 642 159 689; x_wconf 84' lang='lat' dir='ltr'>cn.</span> <span class='ocrx_word' id='word_1_24' title='bbox 183 624 449 688; x_wconf 86' lang='lat' dir='ltr'>tacerelieeat.</span> <span class='ocrx_word' id='word_1_25' title='bbox 481 623 716 685; x_wconf 88' lang='lat' dir='ltr'>uilalibertas</span> <span class='ocrx_word' id='word_1_26' title='bbox 733 624 828 684; x_wconf 84' lang='lat' dir='ltr'>minor</span> 
     </span>
     <span class='ocr_line' id='line_1_6' title="bbox 41 708 493 789; baseline -0.013 -16"><span class='ocrx_word' id='word_1_27' title='bbox 41 709 44 712; x_wconf 64' lang='grc'>’</span> <span class='ocrx_word' id='word_1_28' title='bbox 106 711 356 789; x_wconf 78' lang='lat' dir='ltr'>aregepetituri</span> <span class='ocrx_word' id='word_1_29' title='bbox 489 708 493 715; x_wconf 84' lang='lat'>&#39;</span> 
     </span>
     <span class='ocr_line' id='line_1_7' title="bbox 64 793 767 871; baseline -0.001 -16"><span class='ocrx_word' id='word_1_30' title='bbox 64 794 95 855; x_wconf 85' lang='grc' dir='ltr'>α’</span> <span class='ocrx_word' id='word_1_31' title='bbox 128 809 232 857; x_wconf 66' lang='lat' dir='ltr'>nnn.</span> <span class='ocrx_word' id='word_1_32' title='bbox 385 795 480 871; x_wconf 87' lang='lat' dir='ltr'>Saepe</span> <span class='ocrx_word' id='word_1_33' title='bbox 496 793 545 853; x_wconf 87' lang='lat' dir='ltr'>uel</span> <span class='ocrx_word' id='word_1_34' title='bbox 560 793 658 870; x_wconf 77' lang='lat' dir='ltr'>lingua</span> <span class='ocrx_word' id='word_1_35' title='bbox 675 795 767 870; x_wconf 83' lang='lat' dir='ltr'>magis</span> 
     </span>
     <span class='ocr_line' id='line_1_8' title="bbox 104 877 762 959; baseline -0.002 -20"><span class='ocrx_word' id='word_1_36' title='bbox 104 884 171 958; x_wconf 86' lang='lat' dir='ltr'>regi</span> <span class='ocrx_word' id='word_1_37' title='bbox 186 893 274 959; x_wconf 90' lang='lat' dir='ltr'>atque</span> <span class='ocrx_word' id='word_1_38' title='bbox 290 897 382 956; x_wconf 87' lang='lat' dir='ltr'>regno</span> <span class='ocrx_word' id='word_1_39' title='bbox 398 888 478 939; x_wconf 89' lang='lat' dir='ltr'>muta</span> <span class='ocrx_word' id='word_1_40' title='bbox 493 877 653 938; x_wconf 89' lang='lat' dir='ltr'>libertas</span> <span class='ocrx_word' id='word_1_41' title='bbox 668 878 762 938; x_wconf 85' lang='lat' dir='ltr'>obest.</span> 
     </span>
     <span class='ocr_line' id='line_1_9' title="bbox 105 960 916 1043; baseline -0.006 -18"><span class='ocrx_word' id='word_1_42' title='bbox 105 978 158 1025; x_wconf 79' lang='lat' dir='ltr'>cn.</span> <span class='ocrx_word' id='word_1_43' title='bbox 184 965 233 1025; x_wconf 90' lang='lat' dir='ltr'>ubi</span> <span class='ocrx_word' id='word_1_44' title='bbox 250 982 309 1024; x_wconf 88' lang='lat' dir='ltr'>nen</span> <span class='ocrx_word' id='word_1_45' title='bbox 326 962 418 1024; x_wconf 87' lang='lat' dir='ltr'>lieet</span> <span class='ocrx_word' id='word_1_46' title='bbox 433 976 574 1033; x_wconf 82' lang='lat' dir='ltr'>tacere,</span> <span class='ocrx_word' id='word_1_47' title='bbox 591 963 661 1043; x_wconf 90' lang='lat' dir='ltr'>quid</span> <span class='ocrx_word' id='word_1_48' title='bbox 678 964 814 1041; x_wconf 85' lang='lat' dir='ltr'>euiquarn</span> <span class='ocrx_word' id='word_1_49' title='bbox 831 960 916 1022; x_wconf 79' lang='lat' dir='ltr'>iieeti</span> 
     </span>
     <span class='ocr_line' id='line_1_10' title="bbox 66 1046 881 1127; baseline -0.002 -19"><span class='ocrx_word' id='word_1_50' title='bbox 66 1049 106 1108; x_wconf 85' lang='grc' dir='ltr'>α”</span> <span class='ocrx_word' id='word_1_51' title='bbox 151 1063 232 1111; x_wconf 83' lang='lat' dir='ltr'>nnn.</span> <span class='ocrx_word' id='word_1_52' title='bbox 257 1049 388 1127; x_wconf 86' lang='lat' dir='ltr'>imperia</span> <span class='ocrx_word' id='word_1_53' title='bbox 398 1046 486 1108; x_wconf 87' lang='lat' dir='ltr'>soluit</span> <span class='ocrx_word' id='word_1_54' title='bbox 500 1052 551 1126; x_wconf 91' lang='lat' dir='ltr'>qui</span> <span class='ocrx_word' id='word_1_55' title='bbox 566 1057 598 1108; x_wconf 91' lang='lat' dir='ltr'>ta</span> <span class='ocrx_word' id='word_1_56' title='bbox 608 1055 664 1109; x_wconf 85' lang='lat' dir='ltr'>eet</span> <span class='ocrx_word' id='word_1_57' title='bbox 679 1049 776 1108; x_wconf 87' lang='lat' dir='ltr'>iussus</span> <span class='ocrx_word' id='word_1_58' title='bbox 791 1046 881 1125; x_wconf 88' lang='lat' dir='ltr'>loqui.</span> 
     </span>
     <span class='ocr_line' id='line_1_11' title="bbox 105 1132 819 1212; baseline -0.003 -19"><span class='ocrx_word' id='word_1_59' title='bbox 105 1146 159 1194; x_wconf 83' lang='lat' dir='ltr'>cn.</span> <span class='ocrx_word' id='word_1_60' title='bbox 184 1141 284 1193; x_wconf 85' lang='lat' dir='ltr'>euecta</span> <span class='ocrx_word' id='word_1_61' title='bbox 301 1132 393 1193; x_wconf 91' lang='lat' dir='ltr'>uerba</span> <span class='ocrx_word' id='word_1_62' title='bbox 409 1132 541 1211; x_wconf 80' lang='lat' dir='ltr'>placidus</span> <span class='ocrx_word' id='word_1_63' title='bbox 560 1134 686 1212; x_wconf 83' lang='lat' dir='ltr'>accipias</span> <span class='ocrx_word' id='word_1_64' title='bbox 702 1150 819 1211; x_wconf 81' lang='lat' dir='ltr'><strong>precor.</strong></span> 
     </span>
     <span class='ocr_line' id='line_1_12' title="bbox 105 1216 775 1296; baseline -0.004 -18"><span class='ocrx_word' id='word_1_65' title='bbox 105 1231 187 1278; x_wconf 76' lang='lat' dir='ltr'>ont).</span> <span class='ocrx_word' id='word_1_66' title='bbox 212 1216 301 1278; x_wconf 90' lang='lat' dir='ltr'>ulline</span> <span class='ocrx_word' id='word_1_67' title='bbox 317 1235 411 1295; x_wconf 86' lang='lat' dir='ltr'>poena</span> <span class='ocrx_word' id='word_1_68' title='bbox 428 1219 511 1277; x_wconf 84' lang='lat' dir='ltr'>noeis</span> <span class='ocrx_word' id='word_1_69' title='bbox 527 1235 684 1296; x_wconf 81' lang='lat' dir='ltr'>expressae</span> <span class='ocrx_word' id='word_1_70' title='bbox 702 1217 775 1277; x_wconf 79' lang='lat' dir='ltr'>fuit?</span> 
     </span>
    </p>
   </div>
   <div class='ocr_carea' id='block_1_3' title="bbox 64 1383 891 2819">
    <p class='ocr_par' dir='ltr' id='par_1_3' title="bbox 65 1383 891 1889">
     <span class='ocr_line' id='line_1_13' title="bbox 65 1383 891 1464; baseline -0.004 -18"><span class='ocrx_word' id='word_1_71' title='bbox 65 1414 85 1446; x_wconf 81' lang='lat' dir='ltr'>a</span> <span class='ocrx_word' id='word_1_72' title='bbox 150 1400 202 1446; x_wconf 73' lang='lat' dir='ltr'>clt.</span> <span class='ocrx_word' id='word_1_73' title='bbox 229 1385 278 1446; x_wconf 84' lang='lat' dir='ltr'>Est</span> <span class='ocrx_word' id='word_1_74' title='bbox 293 1383 397 1464; x_wconf 83' lang='lat' dir='ltr'>procul</span> <span class='ocrx_word' id='word_1_75' title='bbox 414 1385 450 1446; x_wconf 88' lang='lat' dir='ltr'>ab</span> <span class='ocrx_word' id='word_1_76' title='bbox 468 1386 541 1446; x_wconf 90' lang='lat' dir='ltr'>urbe</span> <span class='ocrx_word' id='word_1_77' title='bbox 557 1384 642 1446; x_wconf 82' lang='lat' dir='ltr'>lucus</span> <span class='ocrx_word' id='word_1_78' title='bbox 657 1384 772 1445; x_wconf 84' lang='lat' dir='ltr'>ilicibus</span> <span class='ocrx_word' id='word_1_79' title='bbox 789 1387 891 1463; x_wconf 89' lang='lat' dir='ltr'>niger,</span> 
     </span>
     <span class='ocr_line' id='line_1_14' title="bbox 104 1469 664 1548; baseline -0.002 -17"><span class='ocrx_word' id='word_1_80' title='bbox 104 1471 228 1532; x_wconf 86' lang='lat' dir='ltr'>Dircaea</span> <span class='ocrx_word' id='word_1_81' title='bbox 246 1472 323 1530; x_wconf 86' lang='lat' dir='ltr'>eirea</span> <span class='ocrx_word' id='word_1_82' title='bbox 341 1469 425 1531; x_wconf 90' lang='lat' dir='ltr'>uallis</span> <span class='ocrx_word' id='word_1_83' title='bbox 441 1471 575 1548; x_wconf 78' lang='lat' dir='ltr'>inriguae</span> <span class='ocrx_word' id='word_1_84' title='bbox 591 1470 664 1530; x_wconf 82' lang='lat' dir='ltr'>lora.</span> 
     </span>
     <span class='ocr_line' id='line_1_15' title="bbox 103 1554 661 1616; baseline -0.002 0"><span class='ocrx_word' id='word_1_85' title='bbox 103 1574 205 1616; x_wconf 87' lang='lat' dir='ltr'>amara</span> <span class='ocrx_word' id='word_1_86' title='bbox 221 1554 309 1616; x_wconf 87' lang='lat' dir='ltr'>baeas</span> <span class='ocrx_word' id='word_1_87' title='bbox 324 1554 424 1616; x_wconf 91' lang='lat' dir='ltr'>laurus</span> <span class='ocrx_word' id='word_1_88' title='bbox 441 1563 469 1615; x_wconf 90' lang='lat' dir='ltr'>et</span> <span class='ocrx_word' id='word_1_89' title='bbox 484 1554 564 1616; x_wconf 86' lang='lat' dir='ltr'>tiliae</span> <span class='ocrx_word' id='word_1_90' title='bbox 580 1554 661 1615; x_wconf 89' lang='lat' dir='ltr'>leues</span> 
     </span>
     <span class='ocr_line' id='line_1_16' title="bbox 104 1639 779 1719; baseline 0.001 -19"><span class='ocrx_word' id='word_1_91' title='bbox 104 1650 133 1700; x_wconf 91' lang='lat' dir='ltr'>et</span> <span class='ocrx_word' id='word_1_92' title='bbox 149 1639 255 1717; x_wconf 89' lang='lat' dir='ltr'>paphia</span> <span class='ocrx_word' id='word_1_93' title='bbox 272 1649 384 1719; x_wconf 78' lang='lat' dir='ltr'>myrtus</span> <span class='ocrx_word' id='word_1_94' title='bbox 400 1648 429 1699; x_wconf 91' lang='lat' dir='ltr'>et</span> <span class='ocrx_word' id='word_1_95' title='bbox 443 1658 497 1718; x_wconf 91' lang='lat' dir='ltr'>per</span> <span class='ocrx_word' id='word_1_96' title='bbox 513 1642 680 1699; x_wconf 87' lang='lat' dir='ltr'>inmensum</span> <span class='ocrx_word' id='word_1_97' title='bbox 698 1657 779 1701; x_wconf 85' lang='lat' dir='ltr'>rnare</span> 
     </span>
     <span class='ocr_line' id='line_1_17' title="bbox 104 1723 747 1786; baseline 0 -2"><span class='ocrx_word' id='word_1_98' title='bbox 104 1733 220 1784; x_wconf 83' lang='lat' dir='ltr'>motura</span> <span class='ocrx_word' id='word_1_99' title='bbox 237 1742 335 1785; x_wconf 89' lang='lat' dir='ltr'>retnos</span> <span class='ocrx_word' id='word_1_100' title='bbox 350 1723 434 1785; x_wconf 90' lang='lat' dir='ltr'>alnus</span> <span class='ocrx_word' id='word_1_101' title='bbox 450 1733 479 1786; x_wconf 90' lang='lat' dir='ltr'>et</span> <span class='ocrx_word' id='word_1_102' title='bbox 494 1724 644 1785; x_wconf 86' lang='lat' dir='ltr'>Pbeebo</span> <span class='ocrx_word' id='word_1_103' title='bbox 661 1723 747 1784; x_wconf 88' lang='lat' dir='ltr'>obuia</span> 
     </span>
     <span class='ocr_line' id='line_1_18' title="bbox 104 1809 727 1889; baseline 0.003 -21"><span class='ocrx_word' id='word_1_104' title='bbox 104 1809 201 1869; x_wconf 84' lang='lat' dir='ltr'>enode</span> <span class='ocrx_word' id='word_1_105' title='bbox 216 1809 353 1889; x_wconf 78' lang='lat' dir='ltr'>zephyris</span> <span class='ocrx_word' id='word_1_106' title='bbox 369 1810 456 1888; x_wconf 84' lang='lat' dir='ltr'>pinus</span> <span class='ocrx_word' id='word_1_107' title='bbox 472 1827 626 1888; x_wconf 85' lang='lat' dir='ltr'>opponens</span> <span class='ocrx_word' id='word_1_108' title='bbox 641 1809 727 1870; x_wconf 85' lang='lat' dir='ltr'>latus.</span> 
     </span>
    </p>

    <p class='ocr_par' dir='ltr' id='par_1_4' title="bbox 65 1892 758 2393">
     <span class='ocr_line' id='line_1_19' title="bbox 65 1892 739 1971; baseline -0.001 -18"><span class='ocrx_word' id='word_1_109' title='bbox 65 1896 93 1953; x_wconf 84' lang='lat' dir='ltr'>a&#39;</span> <span class='ocrx_word' id='word_1_110' title='bbox 151 1894 317 1971; x_wconf 82' lang='lat' dir='ltr'>Cupressus</span> <span class='ocrx_word' id='word_1_111' title='bbox 332 1892 397 1953; x_wconf 90' lang='lat' dir='ltr'>altis</span> <span class='ocrx_word' id='word_1_112' title='bbox 414 1913 539 1956; x_wconf 86' lang='lat' dir='ltr'>exerens</span> <span class='ocrx_word' id='word_1_113' title='bbox 554 1893 635 1955; x_wconf 84' lang='lat' dir='ltr'>siluis</span> <span class='ocrx_word' id='word_1_114' title='bbox 652 1902 739 1971; x_wconf 87' lang='lat' dir='ltr'>eaput</span> 
     </span>
     <span class='ocr_line' id='line_1_20' title="bbox 105 1978 745 2057; baseline 0.003 -20"><span class='ocrx_word' id='word_1_115' title='bbox 105 1980 221 2038; x_wconf 90' lang='lat' dir='ltr'>uirente</span> <span class='ocrx_word' id='word_1_116' title='bbox 237 1997 356 2056; x_wconf 83' lang='lat' dir='ltr'>semper</span> <span class='ocrx_word' id='word_1_117' title='bbox 371 1978 479 2057; x_wconf 78' lang='lat' dir='ltr'>adligat</span> <span class='ocrx_word' id='word_1_118' title='bbox 495 1988 600 2039; x_wconf 86' lang='lat' dir='ltr'>trunco</span> <span class='ocrx_word' id='word_1_119' title='bbox 618 1996 745 2039; x_wconf 85' lang='lat' dir='ltr'>narnus</span> 
     </span>
     <span class='ocr_line' id='line_1_21' title="bbox 104 2063 758 2141; baseline 0.002 -19"><span class='ocrx_word' id='word_1_120' title='bbox 104 2080 273 2139; x_wconf 85' lang='lat' dir='ltr'>curuosque</span> <span class='ocrx_word' id='word_1_121' title='bbox 289 2063 382 2123; x_wconf 90' lang='lat' dir='ltr'>tendit</span> <span class='ocrx_word' id='word_1_122' title='bbox 398 2081 524 2141; x_wconf 81' lang='lat' dir='ltr'>querens</span> <span class='ocrx_word' id='word_1_123' title='bbox 540 2071 568 2122; x_wconf 88' lang='lat' dir='ltr'>et</span> <span class='ocrx_word' id='word_1_124' title='bbox 583 2071 686 2140; x_wconf 89' lang='lat' dir='ltr'>putres</span> <span class='ocrx_word' id='word_1_125' title='bbox 702 2065 758 2123; x_wconf 88' lang='lat' dir='ltr'>situ</span> 
     </span>
     <span class='ocr_line' id='line_1_22' title="bbox 103 2147 704 2226; baseline 0.002 -19"><span class='ocrx_word' id='word_1_126' title='bbox 103 2165 215 2208; x_wconf 85' lang='lat' dir='ltr'>annosa</span> <span class='ocrx_word' id='word_1_127' title='bbox 232 2165 362 2207; x_wconf 89' lang='lat' dir='ltr'>ramos.</span> <span class='ocrx_word' id='word_1_128' title='bbox 392 2147 480 2208; x_wconf 89' lang='lat' dir='ltr'>buius</span> <span class='ocrx_word' id='word_1_129' title='bbox 496 2147 614 2226; x_wconf 80' lang='lat' dir='ltr'>abrupit</span> <span class='ocrx_word' id='word_1_130' title='bbox 628 2147 704 2208; x_wconf 90' lang='lat' dir='ltr'>latus</span> 
     </span>
     <span class='ocr_line' id='line_1_23' title="bbox 103 2231 711 2312; baseline 0.002 -21"><span class='ocrx_word' id='word_1_131' title='bbox 103 2232 178 2291; x_wconf 84' lang='lat' dir='ltr'>edax</span> <span class='ocrx_word' id='word_1_132' title='bbox 196 2239 339 2300; x_wconf 82' lang='lat' dir='ltr'>uetustas,</span> <span class='ocrx_word' id='word_1_133' title='bbox 357 2231 404 2292; x_wconf 89' lang='lat' dir='ltr'>illa</span> <span class='ocrx_word' id='word_1_134' title='bbox 421 2234 477 2292; x_wconf 86' lang='lat' dir='ltr'>iarn</span> <span class='ocrx_word' id='word_1_135' title='bbox 493 2235 585 2312; x_wconf 87' lang='lat' dir='ltr'>spissa</span> <span class='ocrx_word' id='word_1_136' title='bbox 603 2233 711 2293; x_wconf 82' lang='lat' dir='ltr'>radens</span> 
     </span>
     <span class='ocr_line' id='line_1_24' title="bbox 102 2315 634 2393; baseline 0.004 -18"><span class='ocrx_word' id='word_1_137' title='bbox 102 2316 205 2377; x_wconf 83' lang='lat' dir='ltr'>radice</span> <span class='ocrx_word' id='word_1_138' title='bbox 220 2315 291 2376; x_wconf 86' lang='lat' dir='ltr'>inita</span> <span class='ocrx_word' id='word_1_139' title='bbox 308 2316 418 2393; x_wconf 89' lang='lat' dir='ltr'>pendet</span> <span class='ocrx_word' id='word_1_140' title='bbox 432 2317 525 2377; x_wconf 88' lang='lat' dir='ltr'>aliena</span> <span class='ocrx_word' id='word_1_141' title='bbox 542 2317 634 2378; x_wconf 89' lang='lat' dir='ltr'>trabe.</span> 
     </span>
    </p>

    <p class='ocr_par' dir='ltr' id='par_1_5' title="bbox 64 2399 860 2819">
     <span class='ocr_line' id='line_1_25' title="bbox 64 2399 860 2482; baseline -0.001 -21"><span class='ocrx_word' id='word_1_142' title='bbox 64 2401 101 2461; x_wconf 52' lang='grc' dir='ltr'>δ”</span> <span class='ocrx_word' id='word_1_143' title='bbox 146 2399 243 2461; x_wconf 84' lang='lat' dir='ltr'>Medio</span> <span class='ocrx_word' id='word_1_144' title='bbox 258 2409 314 2460; x_wconf 89' lang='lat' dir='ltr'>stat</span> <span class='ocrx_word' id='word_1_145' title='bbox 329 2402 433 2480; x_wconf 90' lang='lat' dir='ltr'>ingens</span> <span class='ocrx_word' id='word_1_146' title='bbox 449 2402 538 2463; x_wconf 82' lang='lat' dir='ltr'>arbor</span> <span class='ocrx_word' id='word_1_147' title='bbox 554 2411 640 2482; x_wconf 85' lang='lat' dir='ltr'>atque</span> <span class='ocrx_word' id='word_1_148' title='bbox 657 2401 760 2463; x_wconf 89' lang='lat' dir='ltr'>urnbra</span> <span class='ocrx_word' id='word_1_149' title='bbox 777 2402 860 2479; x_wconf 90' lang='lat' dir='ltr'>graui</span> 
     </span>
     <span class='ocr_line' id='line_1_26' title="bbox 102 2484 754 2564; baseline 0 -19"><span class='ocrx_word' id='word_1_150' title='bbox 102 2484 194 2545; x_wconf 83' lang='lat' dir='ltr'>siluas</span> <span class='ocrx_word' id='word_1_151' title='bbox 209 2488 341 2545; x_wconf 87' lang='lat' dir='ltr'>minores</span> <span class='ocrx_word' id='word_1_152' title='bbox 356 2496 462 2564; x_wconf 89' lang='lat' dir='ltr'>urguet</span> <span class='ocrx_word' id='word_1_153' title='bbox 478 2496 507 2547; x_wconf 86' lang='lat' dir='ltr'>et</span> <span class='ocrx_word' id='word_1_154' title='bbox 522 2504 629 2564; x_wconf 87' lang='lat' dir='ltr'>magne</span> <span class='ocrx_word' id='word_1_155' title='bbox 645 2486 754 2545; x_wconf 85' lang='lat' dir='ltr'>anibitu</span> 
     </span>
     <span class='ocr_line' id='line_1_27' title="bbox 102 2569 717 2632; baseline 0 -3"><span class='ocrx_word' id='word_1_156' title='bbox 102 2569 207 2629; x_wconf 82' lang='lat' dir='ltr'>diffusa</span> <span class='ocrx_word' id='word_1_157' title='bbox 223 2588 346 2630; x_wconf 80' lang='lat' dir='ltr'>rantes</span> <span class='ocrx_word' id='word_1_158' title='bbox 361 2589 419 2631; x_wconf 94' lang='lat' dir='ltr'>una</span> <span class='ocrx_word' id='word_1_159' title='bbox 436 2572 566 2632; x_wconf 71' lang='lat' dir='ltr'>defendit</span> <span class='ocrx_word' id='word_1_160' title='bbox 582 2589 717 2632; x_wconf 87' lang='lat' dir='ltr'>nemus.</span> 
     </span>
     <span class='ocr_line' id='line_1_28' title="bbox 99 2654 744 2717; baseline 0 -4"><span class='ocrx_word' id='word_1_161' title='bbox 99 2655 193 2714; x_wconf 90' lang='lat' dir='ltr'>tristis</span> <span class='ocrx_word' id='word_1_162' title='bbox 209 2654 264 2714; x_wconf 91' lang='lat' dir='ltr'>sub</span> <span class='ocrx_word' id='word_1_163' title='bbox 281 2654 328 2714; x_wconf 91' lang='lat' dir='ltr'>illa</span> <span class='ocrx_word' id='word_1_164' title='bbox 344 2654 418 2716; x_wconf 88' lang='lat' dir='ltr'>lueis</span> <span class='ocrx_word' id='word_1_165' title='bbox 435 2664 463 2716; x_wconf 90' lang='lat' dir='ltr'>et</span> <span class='ocrx_word' id='word_1_166' title='bbox 478 2656 618 2717; x_wconf 84' lang='lat' dir='ltr'>Phoebi</span> <span class='ocrx_word' id='word_1_167' title='bbox 635 2656 744 2716; x_wconf 86' lang='lat' dir='ltr'>inscius</span> 
     </span>
     <span class='ocr_line' id='line_1_29' title="bbox 99 2741 827 2819; baseline 0.001 -20"><span class='ocrx_word' id='word_1_168' title='bbox 99 2747 255 2815; x_wconf 82' lang='lat' dir='ltr'>restagnat</span> <span class='ocrx_word' id='word_1_169' title='bbox 271 2758 357 2799; x_wconf 85' lang='lat' dir='ltr'>urner</span> <span class='ocrx_word' id='word_1_170' title='bbox 373 2741 484 2818; x_wconf 76' lang='lat' dir='ltr'>frigere</span> <span class='ocrx_word' id='word_1_171' title='bbox 500 2750 620 2802; x_wconf 87' lang='lat' dir='ltr'>aeterno</span> <span class='ocrx_word' id='word_1_172' title='bbox 637 2742 745 2819; x_wconf 88' lang='lat' dir='ltr'>rigens.</span> <span class='ocrx_word' id='word_1_173' title='bbox 818 2757 827 2774; x_wconf 90' lang='lat'><strong>·</strong></span> 
     </span>
    </p>
   </div>
   <div class='ocr_carea' id='block_1_4' title="bbox 46 2906 1021 3588">
    <p class='ocr_par' dir='ltr' id='par_1_6' title="bbox 171 2906 1021 2975">
     <span class='ocr_line' id='line_1_30' title="bbox 171 2906 1021 2975; baseline -0.001 -15"><span class='ocrx_word' id='word_1_174' title='bbox 171 2910 221 2960; x_wconf 87' lang='grc'>534</span> <span class='ocrx_word' id='word_1_175' title='bbox 238 2909 334 2959; x_wconf 82' lang='lat' dir='ltr'>Mities</span> <span class='ocrx_word' id='word_1_176' title='bbox 352 2910 378 2959; x_wconf 89' lang='lat' dir='ltr'><em>E</em></span> <span class='ocrx_word' id='word_1_177' title='bbox 404 2906 416 2975; x_wconf 97' lang='grc' dir='ltr'>Η</span> <span class='ocrx_word' id='word_1_178' title='bbox 443 2912 493 2960; x_wconf 85' lang='grc'>535</span> <span class='ocrx_word' id='word_1_179' title='bbox 511 2908 568 2959; x_wconf 85' lang='lat' dir='ltr'>ulla</span> <span class='ocrx_word' id='word_1_180' title='bbox 585 2910 603 2959; x_wconf 91' lang='lat' dir='ltr'>l.</span> <span class='ocrx_word' id='word_1_181' title='bbox 623 2926 656 2960; x_wconf 86' lang='lat' dir='ltr'>m.</span> <span class='ocrx_word' id='word_1_182' title='bbox 677 2927 694 2959; x_wconf 84' lang='lat' dir='ltr'>a</span> <span class='ocrx_word' id='word_1_183' title='bbox 712 2927 733 2961; x_wconf 88' lang='lat' dir='ltr'>r.</span> <span class='ocrx_word' id='word_1_184' title='bbox 754 2911 873 2975; x_wconf 84' lang='lat' dir='ltr'>petitur?</span> <span class='ocrx_word' id='word_1_185' title='bbox 892 2911 917 2957; x_wconf 91' lang='lat' dir='ltr'><em>E</em></span> <span class='ocrx_word' id='word_1_186' title='bbox 944 2909 1021 2959; x_wconf 84' lang='lat' dir='ltr'>nulla</span> 
     </span>
    </p>

    <p class='ocr_par' dir='ltr' id='par_1_7' title="bbox 98 2973 1019 3043">
     <span class='ocr_line' id='line_1_31' title="bbox 98 2973 1019 3043; baseline -0.005 -13"><span class='ocrx_word' id='word_1_187' title='bbox 98 2980 127 3030; x_wconf 87' lang='lat' dir='ltr'><em>A</em></span> <span class='ocrx_word' id='word_1_188' title='bbox 138 2973 152 3043; x_wconf 91' lang='grc' dir='ltr'>Η</span> <span class='ocrx_word' id='word_1_189' title='bbox 164 2980 214 3028; x_wconf 84' lang='grc'>537</span> <span class='ocrx_word' id='word_1_190' title='bbox 227 2978 273 3026; x_wconf 88' lang='lat' dir='ltr'>uel</span> <span class='ocrx_word' id='word_1_191' title='bbox 286 2978 338 3026; x_wconf 83' lang='lat' dir='ltr'>EA</span> <span class='ocrx_word' id='word_1_192' title='bbox 353 2977 416 3026; x_wconf 89' lang='lat' dir='ltr'>uilis</span> <span class='ocrx_word' id='word_1_193' title='bbox 426 2985 471 3027; x_wconf 81' lang='lat' dir='ltr'>aut</span> <span class='ocrx_word' id='word_1_194' title='bbox 480 2974 531 3026; x_wconf 81' lang='lat' dir='ltr'>uili</span> <span class='ocrx_word' id='word_1_195' title='bbox 542 2986 564 3039; x_wconf 80' lang='grc' dir='ltr'>ψ</span> <span class='ocrx_word' id='word_1_196' title='bbox 578 2974 589 3042; x_wconf 99' lang='grc' dir='ltr'>Η</span> <span class='ocrx_word' id='word_1_197' title='bbox 605 2980 654 3028; x_wconf 82' lang='grc'>539</span> <span class='ocrx_word' id='word_1_198' title='bbox 667 2979 715 3028; x_wconf 84' lang='lat' dir='ltr'>ubi</span> <span class='ocrx_word' id='word_1_199' title='bbox 725 2983 817 3028; x_wconf 81' lang='lat' dir='ltr'>tacere</span> <span class='ocrx_word' id='word_1_200' title='bbox 831 2993 885 3026; x_wconf 87' lang='lat' dir='ltr'>non</span> <span class='ocrx_word' id='word_1_201' title='bbox 900 2978 966 3027; x_wconf 85' lang='lat' dir='ltr'>lieet</span> <span class='ocrx_word' id='word_1_202' title='bbox 977 2985 1001 3041; x_wconf 81' lang='grc' dir='ltr'>ψ</span> <span class='ocrx_word' id='word_1_203' title='bbox 1011 2975 1019 3041; x_wconf 97' lang='grc' dir='ltr'>Η</span> 
     </span>
    </p>

    <p class='ocr_par' dir='ltr' id='par_1_8' title="bbox 98 3045 1019 3112">
     <span class='ocr_line' id='line_1_32' title="bbox 98 3045 1019 3112; baseline 0.002 -17"><span class='ocrx_word' id='word_1_204' title='bbox 98 3053 162 3096; x_wconf 87' lang='lat' dir='ltr'>ante</span> <span class='ocrx_word' id='word_1_205' title='bbox 192 3063 216 3094; x_wconf 86' lang='lat' dir='ltr'>u.</span> <span class='ocrx_word' id='word_1_206' title='bbox 234 3046 285 3095; x_wconf 89' lang='grc'>545</span> <span class='ocrx_word' id='word_1_207' title='bbox 307 3048 439 3095; x_wconf 78' lang='lat' dir='ltr'>conlocaui</span> <span class='ocrx_word' id='word_1_208' title='bbox 460 3063 500 3094; x_wconf 71' lang='lat' dir='ltr'>riu.</span> <span class='ocrx_word' id='word_1_209' title='bbox 519 3049 654 3098; x_wconf 86' lang='grc'><strong>551-554</strong></span> <span class='ocrx_word' id='word_1_210' title='bbox 681 3045 693 3112; x_wconf 95' lang='grc' dir='ltr'>Η</span> <span class='ocrx_word' id='word_1_211' title='bbox 722 3049 769 3098; x_wconf 96' lang='grc'>551</span> <span class='ocrx_word' id='word_1_212' title='bbox 790 3060 900 3096; x_wconf 84' lang='lat' dir='ltr'>amarae</span> <span class='ocrx_word' id='word_1_213' title='bbox 919 3061 938 3094; x_wconf 86' lang='grc' dir='ltr'>α</span> <span class='ocrx_word' id='word_1_214' title='bbox 967 3062 1019 3097; x_wconf 85' lang='lat' dir='ltr'>err.</span> 
     </span>
    </p>

    <p class='ocr_par' dir='ltr' id='par_1_9' title="bbox 98 3109 1018 3181">
     <span class='ocr_line' id='line_1_33' title="bbox 98 3109 1018 3181; baseline 0 -18"><span class='ocrx_word' id='word_1_215' title='bbox 98 3121 156 3179; x_wconf 75' lang='lat' dir='ltr'>epp.</span> <span class='ocrx_word' id='word_1_216' title='bbox 176 3109 188 3179; x_wconf 97' lang='grc' dir='ltr'>Η</span> <span class='ocrx_word' id='word_1_217' title='bbox 206 3113 292 3162; x_wconf 82' lang='lat' dir='ltr'>beeas</span> <span class='ocrx_word' id='word_1_218' title='bbox 311 3113 337 3162; x_wconf 89' lang='lat' dir='ltr'><em>E</em></span> <span class='ocrx_word' id='word_1_219' title='bbox 355 3115 450 3163; x_wconf 81' lang='lat' dir='ltr'>baccis</span> <span class='ocrx_word' id='word_1_220' title='bbox 469 3115 494 3165; x_wconf 89' lang='lat' dir='ltr'><em>A</em></span> <span class='ocrx_word' id='word_1_221' title='bbox 515 3114 611 3163; x_wconf 86' lang='lat' dir='ltr'>baebis</span> <span class='ocrx_word' id='word_1_222' title='bbox 630 3113 677 3181; x_wconf 81' lang='grc' dir='ltr'>ψΗ</span> <span class='ocrx_word' id='word_1_223' title='bbox 694 3118 743 3165; x_wconf 84' lang='grc'>553</span> <span class='ocrx_word' id='word_1_224' title='bbox 762 3116 842 3164; x_wconf 84' lang='lat' dir='ltr'>alnus</span> <span class='ocrx_word' id='word_1_225' title='bbox 862 3111 890 3177; x_wconf 89' lang='lat' dir='ltr'>(u</span> <span class='ocrx_word' id='word_1_226' title='bbox 908 3117 933 3162; x_wconf 84' lang='lat' dir='ltr'>in</span> <span class='ocrx_word' id='word_1_227' title='bbox 951 3113 1018 3174; x_wconf 82' lang='lat' dir='ltr'>rus.)</span> 
     </span>
    </p>

    <p class='ocr_par' dir='ltr' id='par_1_10' title="bbox 46 3176 1019 3248">
     <span class='ocr_line' id='line_1_34' title="bbox 46 3176 1019 3248; baseline -0.001 -18"><span class='ocrx_word' id='word_1_228' title='bbox 46 3184 53 3199; x_wconf 82' lang='lat'>¹</span> <span class='ocrx_word' id='word_1_229' title='bbox 99 3180 137 3230; x_wconf 63' lang='grc' dir='ltr'>Ε2</span> <span class='ocrx_word' id='word_1_230' title='bbox 161 3176 175 3246; x_wconf 97' lang='grc' dir='ltr'>Η</span> <span class='ocrx_word' id='word_1_231' title='bbox 197 3196 285 3230; x_wconf 86' lang='lat' dir='ltr'>remes</span> <span class='ocrx_word' id='word_1_232' title='bbox 306 3189 348 3245; x_wconf 81' lang='grc' dir='ltr'>εψ</span> <span class='ocrx_word' id='word_1_233' title='bbox 375 3184 508 3232; x_wconf 81' lang='lat' dir='ltr'>ramosA</span> <span class='ocrx_word' id='word_1_234' title='bbox 533 3178 544 3248; x_wconf 96' lang='grc' dir='ltr'>Η</span> <span class='ocrx_word' id='word_1_235' title='bbox 568 3201 591 3232; x_wconf 87' lang='lat' dir='ltr'>u.</span> <span class='ocrx_word' id='word_1_236' title='bbox 611 3185 660 3234; x_wconf 85' lang='lat'>545</span> <span class='ocrx_word' id='word_1_237' title='bbox 679 3199 777 3233; x_wconf 82' lang='lat' dir='ltr'>uersum</span> <span class='ocrx_word' id='word_1_238' title='bbox 794 3184 844 3233; x_wconf 88' lang='grc'>546</span> <span class='ocrx_word' id='word_1_239' title='bbox 861 3186 976 3247; x_wconf 82' lang='lat' dir='ltr'>requitur</span> <span class='ocrx_word' id='word_1_240' title='bbox 993 3183 1019 3230; x_wconf 83' lang='lat' dir='ltr'>in</span> 
     </span>
    </p>

    <p class='ocr_par' dir='ltr' id='par_1_11' title="bbox 96 3244 1019 3316">
     <span class='ocr_line' id='line_1_35' title="bbox 96 3244 1019 3316; baseline -0.003 -17"><span class='ocrx_word' id='word_1_241' title='bbox 96 3250 191 3299; x_wconf 80' lang='lat' dir='ltr'>Rescr.</span> <span class='ocrx_word' id='word_1_242' title='bbox 204 3244 217 3313; x_wconf 95' lang='grc' dir='ltr'>Η</span> <span class='ocrx_word' id='word_1_243' title='bbox 229 3246 300 3299; x_wconf 64' lang='lat' dir='ltr'>etsi.</span> <span class='ocrx_word' id='word_1_244' title='bbox 319 3250 380 3300; x_wconf 70' lang='lat'>549²</span> <span class='ocrx_word' id='word_1_245' title='bbox 398 3266 444 3300; x_wconf 84' lang='lat' dir='ltr'>om.</span> <span class='ocrx_word' id='word_1_246' title='bbox 463 3247 509 3315; x_wconf 75' lang='grc' dir='ltr'>ψΗ</span> <span class='ocrx_word' id='word_1_247' title='bbox 522 3254 571 3301; x_wconf 86' lang='grc'>549</span> <span class='ocrx_word' id='word_1_248' title='bbox 590 3251 640 3301; x_wconf 81' lang='lat' dir='ltr'>illa</span> <span class='ocrx_word' id='word_1_249' title='bbox 653 3252 719 3301; x_wconf 39' lang='lat' dir='ltr'>Eitis</span> <span class='ocrx_word' id='word_1_250' title='bbox 738 3252 817 3316; x_wconf 85' lang='lat' dir='ltr'>sylua</span> <span class='ocrx_word' id='word_1_251' title='bbox 831 3253 854 3299; x_wconf 87' lang='lat' dir='ltr'><em>A</em></span> <span class='ocrx_word' id='word_1_252' title='bbox 867 3246 879 3316; x_wconf 95' lang='grc' dir='ltr'>Η</span> <span class='ocrx_word' id='word_1_253' title='bbox 891 3251 981 3313; x_wconf 84' lang='lat' dir='ltr'>spisse</span> <span class='ocrx_word' id='word_1_254' title='bbox 994 3248 1019 3296; x_wconf 87' lang='grc' dir='ltr'><em>Ε</em></span> 
     </span>
    </p>

    <p class='ocr_par' dir='ltr' id='par_1_12' title="bbox 97 3313 1019 3385">
     <span class='ocr_line' id='line_1_36' title="bbox 97 3313 1019 3385; baseline -0.003 -19"><span class='ocrx_word' id='word_1_255' title='bbox 97 3319 179 3366; x_wconf 81' lang='lat' dir='ltr'>fessa</span> <span class='ocrx_word' id='word_1_256' title='bbox 197 3316 223 3365; x_wconf 90' lang='lat' dir='ltr'><em>A</em></span> <span class='ocrx_word' id='word_1_257' title='bbox 243 3316 350 3371; x_wconf 68' lang='lat' dir='ltr'>lieren?</span> <span class='ocrx_word' id='word_1_258' title='bbox 386 3313 390 3382; x_wconf 80' lang='grc' dir='ltr'>Η</span> <span class='ocrx_word' id='word_1_259' title='bbox 419 3319 469 3368; x_wconf 85' lang='grc'>556</span> <span class='ocrx_word' id='word_1_260' title='bbox 493 3320 580 3369; x_wconf 86' lang='lat' dir='ltr'>siluas</span> <span class='ocrx_word' id='word_1_261' title='bbox 603 3321 722 3370; x_wconf 87' lang='lat' dir='ltr'>minores</span> <span class='ocrx_word' id='word_1_262' title='bbox 745 3324 846 3385; x_wconf 84' lang='lat' dir='ltr'>urguet</span> <span class='ocrx_word' id='word_1_263' title='bbox 863 3317 915 3367; x_wconf 88' lang='lat' dir='ltr'>EA</span> <span class='ocrx_word' id='word_1_264' title='bbox 946 3316 1019 3364; x_wconf 81' lang='lat' dir='ltr'>silua</span> 
     </span>
    </p>

    <p class='ocr_par' dir='ltr' id='par_1_13' title="bbox 97 3382 1017 3450">
     <span class='ocr_line' id='line_1_37' title="bbox 97 3382 1017 3450; baseline -0.002 -16"><span class='ocrx_word' id='word_1_265' title='bbox 97 3386 206 3434; x_wconf 85' lang='lat' dir='ltr'>minore</span> <span class='ocrx_word' id='word_1_266' title='bbox 226 3385 314 3449; x_wconf 85' lang='lat' dir='ltr'>surgit</span> <span class='ocrx_word' id='word_1_267' title='bbox 331 3382 376 3450; x_wconf 69' lang='lat' dir='ltr'>dri</span> <span class='ocrx_word' id='word_1_268' title='bbox 400 3388 448 3435; x_wconf 84' lang='grc'>557</span> <span class='ocrx_word' id='word_1_269' title='bbox 468 3402 558 3436; x_wconf 83' lang='lat' dir='ltr'>remos</span> <span class='ocrx_word' id='word_1_270' title='bbox 577 3387 601 3435; x_wconf 85' lang='grc' dir='ltr'><em>Ε</em></span> <span class='ocrx_word' id='word_1_271' title='bbox 614 3388 702 3437; x_wconf 80' lang='lat' dir='ltr'>Reser.</span> <span class='ocrx_word' id='word_1_272' title='bbox 722 3389 805 3438; x_wconf 81' lang='lat' dir='ltr'>ramis</span> <span class='ocrx_word' id='word_1_273' title='bbox 824 3387 849 3436; x_wconf 93' lang='lat' dir='ltr'><em>A</em></span> <span class='ocrx_word' id='word_1_274' title='bbox 866 3382 878 3449; x_wconf 95' lang='grc' dir='ltr'>Η</span> <span class='ocrx_word' id='word_1_275' title='bbox 895 3400 950 3433; x_wconf 85' lang='lat' dir='ltr'>une</span> <span class='ocrx_word' id='word_1_276' title='bbox 970 3383 1017 3433; x_wconf 83' lang='grc' dir='ltr'>εΑ</span> 
     </span>
    </p>

    <p class='ocr_par' dir='ltr' id='par_1_14' title="bbox 93 3448 1018 3588">
     <span class='ocr_line' id='line_1_38' title="bbox 95 3448 1018 3519; baseline 0.002 -18"><span class='ocrx_word' id='word_1_277' title='bbox 95 3453 239 3515; x_wconf 65' lang='lat' dir='ltr'>umbraue</span> <span class='ocrx_word' id='word_1_278' title='bbox 260 3448 271 3517; x_wconf 92' lang='grc' dir='ltr'>Η</span> <span class='ocrx_word' id='word_1_279' title='bbox 295 3453 345 3503; x_wconf 88' lang='grc'>558</span> <span class='ocrx_word' id='word_1_280' title='bbox 363 3451 432 3503; x_wconf 89' lang='lat' dir='ltr'>lueis</span> <span class='ocrx_word' id='word_1_281' title='bbox 452 3455 498 3504; x_wconf 88' lang='grc' dir='ltr'>εΑ</span> <span class='ocrx_word' id='word_1_282' title='bbox 518 3455 596 3504; x_wconf 83' lang='lat' dir='ltr'>lucus</span> <span class='ocrx_word' id='word_1_283' title='bbox 614 3466 637 3517; x_wconf 81' lang='grc' dir='ltr'><em>ψ</em></span> <span class='ocrx_word' id='word_1_284' title='bbox 657 3453 669 3519; x_wconf 93' lang='grc' dir='ltr'>Η</span> <span class='ocrx_word' id='word_1_285' title='bbox 691 3458 739 3506; x_wconf 89' lang='grc'>559</span> <span class='ocrx_word' id='word_1_286' title='bbox 758 3458 903 3518; x_wconf 81' lang='lat' dir='ltr'>restagnat</span> <span class='ocrx_word' id='word_1_287' title='bbox 922 3452 970 3502; x_wconf 71' lang='lat' dir='ltr'>eli</span> <span class='ocrx_word' id='word_1_288' title='bbox 987 3468 1018 3503; x_wconf 86' lang='lat' dir='ltr'>m.</span> 
     </span>
     <span class='ocr_line' id='line_1_39' title="bbox 93 3519 719 3588; baseline 0.005 -18"><span class='ocrx_word' id='word_1_289' title='bbox 93 3535 150 3571; x_wconf 81' lang='lat' dir='ltr'>see.</span> <span class='ocrx_word' id='word_1_290' title='bbox 175 3521 250 3571; x_wconf 84' lang='lat' dir='ltr'>Vrut.</span> <span class='ocrx_word' id='word_1_291' title='bbox 276 3520 321 3570; x_wconf 88' lang='lat' dir='ltr'>hie</span> <span class='ocrx_word' id='word_1_292' title='bbox 340 3526 453 3586; x_wconf 80' lang='lat' dir='ltr'>stagnat</span> <span class='ocrx_word' id='word_1_293' title='bbox 471 3524 496 3572; x_wconf 90' lang='lat' dir='ltr'><em>A</em></span> <span class='ocrx_word' id='word_1_294' title='bbox 520 3522 584 3571; x_wconf 87' lang='lat' dir='ltr'>bine</span> <span class='ocrx_word' id='word_1_295' title='bbox 603 3529 679 3586; x_wconf 75' lang='lat' dir='ltr'>stu</span> <span class='ocrx_word' id='word_1_296' title='bbox 708 3519 719 3588; x_wconf 96' lang='grc' dir='ltr'>Η</span> 
     </span>
    </p>
   </div>
   <div class='ocr_carea' id='block_1_5' title="bbox 1041 550 1091 599">
    <p class='ocr_par' dir='ltr' id='par_1_15' title="bbox 1041 550 1091 599">
     <span class='ocr_line' id='line_1_40' title="bbox 1041 550 1091 599; baseline 0 0"><span class='ocrx_word' id='word_1_297' title='bbox 1041 550 1091 599; x_wconf 86' lang='grc'>535</span> 
     </span>
    </p>
   </div>
   <div class='ocr_carea' id='block_1_6' title="bbox 1040 1056 1090 1106">
    <p class='ocr_par' dir='ltr' id='par_1_16' title="bbox 1040 1056 1090 1106">
     <span class='ocr_line' id='line_1_41' title="bbox 1040 1056 1090 1106; baseline 0.04 -2"><span class='ocrx_word' id='word_1_298' title='bbox 1040 1056 1090 1106; x_wconf 86' lang='grc'>549</span> 
     </span>
    </p>
   </div>
   <div class='ocr_carea' id='block_1_7' title="bbox 1026 2311 1089 2462">
    <p class='ocr_par' dir='ltr' id='par_1_17' title="bbox 1026 2311 1089 2462">
     <span class='ocr_line' id='line_1_42' title="bbox 1026 2311 1089 2376; baseline -0.032 0"><span class='ocrx_word' id='word_1_299' title='bbox 1026 2311 1089 2376; x_wconf 81' lang='lat'>&#39;550</span> 
     </span>
     <span class='ocr_line' id='line_1_43' title="bbox 1038 2413 1088 2462; baseline 0 -1"><span class='ocrx_word' id='word_1_300' title='bbox 1038 2413 1088 2462; x_wconf 77' lang='lat' dir='ltr'>ees</span> 
     </span>
    </p>
   </div>
   <div class='ocr_carea' id='block_1_8' title="bbox 0 0 1276 4040">
    <p class='ocr_par' dir='ltr' id='par_1_18' title="bbox 0 0 1276 4040">
     <span class='ocr_line' id='line_1_44' title="bbox 0 0 1276 4040; baseline 0 2"><span class='ocrx_word' id='word_1_301' title='bbox 0 0 1276 4040; x_wconf 95' lang='lat' dir='ltr'> </span> 
     </span>
    </p>
   </div>
  </div>
 </body>
</html>
