2544 4046
429 1037 589 1088 onmrvs.
620 1039 812 1088 ANTIGONA.

126 1180 145 1214 a
207 1145 438 1230 Caeciparentis
454 1146 589 1223 regimen
604 1152 634 1207 et
648 1145 718 1207 sessi
733 1148 854 1208 unicum

160 1232 262 1292 lateris
277 1229 413 1291 leuamen
430 1238 516 1308 gnata
533 1248 620 1309 quarn
635 1232 708 1291 tanti
723 1237 767 1291 est
782 1232 856 1292 inihi

160 1317 299 1394 genuisse
316 1313 364 1375 nei
379 1316 430 1383 sic,
449 1315 554 1376 desere
570 1314 727 1376 infaustum
744 1323 870 1395 patrem.

124 1417 144 1467 b
206 1400 334 1461 inrecta
350 1398 420 1479 quid
436 1399 569 1460 deflectis
584 1408 733 1461 errantem
749 1400 893 1478 gradum?

1095 1506 1112 1553 5

161 1586 250 1650 quam
267 1586 381 1648 quaero,
393 1568 488 1639 solus,
506 1586 581 1649 quae
596 1586 645 1630 ine
660 1568 697 1631 ab
712 1568 769 1629 hac
784 1570 843 1630 uita
859 1570 995 1633 extrahat

160 1660 192 1715 et
206 1654 263 1714 hoc
278 1653 399 1714 nefandi
415 1655 523 1731 capitis*
532 1653 674 1730 adspectu
689 1653 770 1715 leuet

160 1738 276 1800 caelum
292 1746 380 1817 atque
396 1746 502 1800 terras.
533 1737 708 1819 quantulum
724 1740 780 1801 hac
795 1741 843 1818 egi
858 1742 967 1802 manui

160 1841 221 1883 non
237 1822 323 1884 uideo
340 1841 436 1885 noxae
451 1825 603 1885 conscium
619 1831 739 1885 nostrae
755 1823 833 1886 diem
1130 1898 1137 1909 ι

160 1907 213 1968 sed
229 1908 342 1969 uideor.
374 1908 444 1968 hinc
458 1910 517 1969 iam
533 1905 617 1970 solue
631 1908 837 1971 inhaerentem
853 1926 973 1971 manum
1099 1930 1132 1977 10

161 2000 191 2053 et
205 1999 308 2072 patere
323 2010 445 2057 caecum
461 2011 518 2072 qua
535 1991 615 2054 uolet
629 1993 702 2054 ferri
717 1992 833 2073 pedem.

50 2122 57 2127 -
125 2108 142 2143 c
204 2076 269 2138 lho
285 2076 346 2138 ibo
362 2096 429 2157 qua
452 2084 614 2157 praerupta
629 2078 783 2155 protendit
797 2085 864 2158 tuga

121 2162 135 2175 ²
149 2180 244 2223 rneus
260 2162 478 2231 Cithaeron,
496 2180 552 2240 qua
568 2173 725 2242 peragrato
741 2162 821 2225 celer

158 2263 297 2326 persana
313 2255 414 2307 monte
429 2247 518 2307 iacuit
532 2248 661 2308 Actaeon
678 2250 739 2311 suis
821 2290 825 2299 ι

160 2348 237 2392 noua
253 2330 364 2410 praeda
380 2330 517 2400 canibus,
534 2349 590 2410 qua
605 2332 836 2412 perobscurum
852 2349 958 2394 nemus
1100 2353 1134 2402 15

160 2413 324 2494 siluamqne
340 2433 451 2495 opacae
466 2415 552 2479 uallis
568 2419 721 2478 instinctas
736 2417 792 2478 deo

160 2501 221 2578 egit
235 2518 356 2561 sorores
371 2507 466 2562 mater
482 2508 511 2562 et
525 2502 659 2579 gaudena
674 2501 752 2563 malo

159 2584 297 2646 uibrante
312 2586 402 2645 fixum
419 2587 558 2663 praetulit
574 2587 674 2664 thyrso
691 2594 789 2667 caput.

119 2672 148 2733 b'
204 2668 256 2730 Vel
271 2687 328 2750 qua
345 2672 479 2730 cucurrit
493 2688 603 2751 corpus
618 2673 747 2733 inuisum
762 2671 884 2733 trahens

231 2855 462 2906 PHOENISSAE
486 2857 511 2906 Ε
563 2856 723 2909 THEBAIS
746 2859 772 2908 A
818 2858 920 2924 Incipit
942 2857 1079 2909 secundus

158 2923 278 2990 edippi
296 2923 417 2974 eiusdem
437 2926 569 2990 antigone
592 2927 619 2974 V

228 3160 412 3212 OEDIPPVS
438 3160 662 3213 ammona-
692 3162 718 3212 E
775 3162 934 3216 OEDIPVS
960 3163 1079 3214 ·ANTI-

158 3228 278 3280 GONE·
297 3229 323 3279 A
348 3225 369 3347 E
392 3231 405 3278 1
426 3230 504 3279 acA
524 3230 594 3280 etr:
617 3227 628 3297 ΙΙ
652 3231 812 3297 2patriscc
830 3231 1079 3284 lateriseistron.

157 3294 228 3362 (coll.
248 3296 328 3363 δορὴ.
371 3334 377 3347 .
397 3296 525 3362 0.1112)
548 3293 560 3365 ΙΙ
583 3300 600 3348 4
618 3303 725 3350 rectum
742 3299 806 3364 11Εψ
829 3296 841 3366 {l
865 3299 928 3365 quid
947 3315 995 3349 me
1014 3299 1078 3349 flec-

158 3366 215 3415 tis?
239 3380 263 3418 e.
281 3364 397 3431 gradum
421 3380 449 3430 p.
467 3364 485 3414 1.
510 3369 542 3416 ci.
561 3366 672 3418 Istron.
702 3363 714 3433 ΙΙ
746 3371 762 3420 8
785 3367 858 3417 haec
876 3368 902 3417 E
930 3367 983 3416 hac
1002 3366 1026 3415 A
1057 3362 1069 3431 Η

158 3434 192 3483 13
210 3434 355 3499 peragrati
366 3434 391 3482 A
410 3442 610 3500 peragrarent
629 3441 785 3500 pererrato
803 3437 836 3491 ei.
848 3436 913 3487 R.P.
931 3431 1078 3500 [1141000-

156 3503 196 3551 tis
214 3504 238 3551 A
270 3506 361 3553 monte
381 3508 419 3565 εψ
447 3498 462 3570 Η
491 3504 522 3553 16
545 3503 681 3552 instincta
699 3503 725 3552 E
752 3499 765 3568 ll
795 3505 827 3553 18
845 3501 927 3552 fixum
945 3501 1080 3566 praetulit

157 3573 235 3632 tryso
253 3569 279 3618 Ε
304 3570 399 3634 thyrso
417 3586 459 3639 pr,
477 3569 496 3620 f.
517 3570 541 3619 A
572 3566 583 3636 ΙΙ
