2536 4046
472 215 672 267 PRAEFATIO
894 222 1049 271 xxxvtttt

95 372 223 429 notauit:
253 372 307 430 Iste
330 374 432 431 Senece
458 374 528 432 liber
548 384 655 450 spectat
680 377 713 434 ad
735 395 778 435 me
797 379 858 437 Joh.
879 380 1049 440 Iiecordonis

95 457 295 532 presbyterum
311 458 381 514 alme
397 459 461 516 uicti
473 460 612 518 ecclesie'.

166 541 241 598 Gecli
257 542 349 598 uerbis
363 543 534 601 Hermannus
549 544 645 620 Klapp‚
661 549 708 620 qui
725 549 874 623 scripturas
888 550 971 607 huius
985 551 1048 609 libri

97 627 129 681 in
144 627 256 684 Octauia
272 628 387 684 maxima
403 645 463 685 cum
479 628 620 703 diligentia
637 633 664 686 in
679 641 804 690 nostrum
819 651 898 690 usum
915 638 1048 700 enotauit,

95 711 177 767 addit
192 711 289 768 haece:
1005 766 1010 775 .

167 796 215 852 ‘ln
237 797 285 852 der
305 796 489 873 eigeutlichen
509 799 678 873 subscriptio
705 802 742 857 ist
762 804 881 875 sculptus
904 804 1050 877 corrigiert

94 898 150 938 aus
172 881 320 955 scriptum;
349 882 441 939 serner
461 884 535 940 steht
556 883 588 940 da
609 885 713 957 guill'o.
757 886 787 943 In
809 887 857 943 der
875 887 991 960 jareszal
1012 890 1050 945 ist

96 966 171 1022 nach
194 980 252 1024 ccc
273 967 316 1022 ein
331 967 483 1024 buohstabe
503 985 534 1025 so
556 969 659 1025 radient
680 970 743 1026 dass
764 971 806 1026 eiu
828 971 891 1028 loch
913 973 948 1028 im
964 972 1049 1029 blatte

96 1049 191 1114 hlieh,
213 1050 284 1106 daun
301 1068 317 1107 o
338 1051 456 1108 darttber
471 1054 657 1126 geschriebeu.
687 1053 815 1113 Scholion
831 1072 884 1112 von
900 1057 986 1114 denen
1002 1057 1050 1114 der

94 1134 212 1208 catalog
229 1136 349 1209 spricht,
371 1135 461 1193 huden
477 1137 535 1195 sich
556 1139 583 1193 in
599 1139 648 1195 der
663 1139 776 1196 Octauia
791 1140 876 1197 nicht.
915 1142 967 1198 Iler
988 1141 1049 1198 titel

94 1220 151 1276 der
171 1228 264 1276 ersten
286 1228 354 1294 trag.
371 1222 408 1277 ist
423 1222 499 1279 nicbt
518 1231 647 1295 genennt.
677 1226 726 1279 dm
747 1225 816 1282 ende
837 1225 913 1282 steht
925 1226 1049 1283 Secunda

98 1305 226 1377 tragedia
249 1306 401 1362 thiestes
422 1314 455 1362 et
470 1310 562 1363 atrei
577 1307 734 1364 fratrum.
764 1310 813 1365 dm
830 1310 898 1366 ende
913 1310 961 1366 der
977 1309 1048 1366 2¹⁰⁰:

97 1390 240 1462 Incipiunt
265 1389 284 1446 3
311 1391 441 1464 tragedia.
478 1409 500 1446 s.
529 1407 631 1448 cecus
658 1392 806 1467 edippus
834 1392 868 1450 ad
892 1394 1064 1467 antigoncm¹

88 1472 188 1533 ‚tiliam
208 1491 295 1531 suam.
330 1476 380 1530 dm
400 1476 468 1531 ende
487 1476 537 1532 der
557 1474 629 1533 3²⁰⁰:
657 1475 787 1551 Sequitur
807 1485 904 1551 quarta
926 1479 1049 1554 tragedia

97 1559 143 1615 de
170 1558 309 1632 ypolito
338 1560 425 1619 thesei
447 1576 479 1617 ex
499 1561 594 1635 regina
614 1577 772 1618 amazonum
794 1562 860 1621 fitto.
898 1570 926 1619 et
946 1563 1049 1638 pbcdre

98 1643 244 1718 priuignio
259 1661 309 1701 seu
323 1644 488 1719 phylocatne
504 1653 591 1718 etper
606 1662 665 1705 enm
679 1648 846 1721 interempto
862 1655 889 1704 ct
903 1648 1051 1707 crudeliter

98 1733 165 1803 ipso
181 1729 289 1801 uirgine
310 1728 438 1787 lacerato.
468 1731 518 1793 Am
534 1730 601 1786 ende
617 1731 667 1787 der
680 1729 753 1786 4²0⁰:
776 1731 851 1788 Finis
866 1732 963 1807 ypoliti
979 1733 1050 1789 cele·

98 1814 145 1869 bis
169 1814 290 1886 tragedie
312 1822 390 1869 tetre.
425 1813 458 1869 Et
479 1815 635 1887 requiescat
656 1816 683 1870 in
703 1832 778 1889 pace.
799 1818 892 1896 Amen.
937 1816 1051 1877 Inchoat

98 1899 186 1971 quina
197 1897 332 1971 pestilens
344 1898 431 1954 adbuc
442 1899 494 1954 edi
500 1917 518 1972 p
526 1901 560 1973 pi
577 1901 658 1956 ceci.
675 1900 793 1973 qualiter
804 1917 883 1956 suum
896 1903 1049 1975 primeuum

97 1998 205 2054 uesper
220 1997 250 2038 se
264 1983 324 2037 huit
341 1990 431 2039 textus
447 1990 522 2058 patet
538 1985 585 2056 qui
600 1986 734 2058 sequitur.
764 1986 813 2040 Am
830 1986 898 2043 ende
912 1986 961 2042 der
976 1986 1049 2045 5¹⁰⁰:

97 2066 221 2140 Explicit
241 2068 297 2122 ceci
311 2071 355 2125 vl.
385 2068 482 2142 Incipit
498 2067 531 2125 6³
554 2069 681 2124 excidii
703 2070 798 2125 troie
819 2077 847 2126 et
861 2070 987 2144 planctus
1002 2071 1050 2127 he·

96 2184 172 2242 cubc
192 2202 254 2242 cum
276 2186 362 2247 choro
384 2193 436 2245 etc.
472 2188 521 2243 dm
542 2186 611 2243 ende
631 2187 680 2245 dcr
702 2186 774 2246 gaen:
797 2186 913 2262 Explicit
935 2160 997 2264 tra⁸g
1015 2206 1050 2248 vr

98 2285 169 2344 que
190 2269 307 2331 lentur
327 2270 469 2333 hecuba.
498 2271 597 2344 Incipit
612 2274 798 2344 septimaque
813 2272 928 2329 medea
950 2273 1051 2330 dicitur

98 2356 128 2410 in
148 2355 238 2411 iason.
270 2357 317 2417 dm
340 2354 408 2412 ende
429 2355 478 2411 der
495 2354 565 2411 7¹⁰⁰:
587 2355 705 2427 Explicit
719 2355 812 2411 medea
834 2364 904 2429 trag.
920 2371 975 2415 vn.
1008 2358 1051 2413 ln·

96 2440 168 2513 cipit
181 2455 242 2497 v111
265 2456 319 2513 que
333 2442 530 2513 dgamenou
553 2439 718 2497 iutitulatur.
754 2441 804 2495 dm
825 2439 893 2495 ende
913 2439 962 2497 der
977 2440 1050 2499 8¹⁰⁰:

86 2556 174 2614 -hucii
205 2559 286 2613 aunei
316 2573 414 2615 senece
443 2562 602 2630 ngameuon
632 2556 751 2631 explicit.
793 2557 893 2632 Incipit
922 2532 1049 2616 octau¹a

94 2641 222 2698 ciusdem
242 2658 305 2698 seu
326 2642 488 2699 claudius
508 2659 581 2716 ymo
597 2658 680 2698 nero
702 2641 916 2716 in'populum
938 2661 1051 2701 roma·

96 2743 186 2782 num.
228 2727 278 2781 dm
299 2727 368 2784 ende
388 2727 437 2783 der
459 2725 531 2783 pren:
554 2728 629 2784 lucii
650 2728 729 2783 annei
750 2744 847 2785 senece
870 2729 1049 2786 cordubensis

94 2812 209 2868 octauia
236 2809 349 2884 explicit
375 2811 496 2886 tragedia
522 2828 603 2868 nona.
649 2811 780 2886 Sequitur
805 2831 820 2870 a
844 2821 924 2888 tergo
947 2814 1049 2870 decima

94 2903 124 2952 et
145 2895 245 2952 ultima
272 2912 325 2971 quc
349 2894 515 2954 hercules
544 2898 691 2953 cetheus
718 2905 892 2972 nuncupatur
912 2906 940 2955 et
960 2898 1049 2954 exitus

96 2981 185 3036 eius'.

55 3081 83 3137 B
159 3078 427 3141 Londinenaitt
447 3083 534 3139 musei
549 3082 639 3140 hritici
657 3083 891 3146 membranaceus,
912 3082 960 3140 iol.
979 3083 1049 3148 126.

97 3183 220 3240 quorum
238 3166 319 3223 1-8
337 3168 399 3240 igne
414 3167 494 3224 laeso.
526 3170 649 3225 continet
660 3186 684 3224 x
699 3169 855 3241 tragoedias
871 3168 924 3225 hoc
939 3169 1050 3226 ordine:

97 3252 227 3309 hercules
239 3251 344 3308 furens.
360 3253 484 3309 thiestea.
495 3252 589 3327 Edipa.
605 3252 719 3326 ypolite.
736 3253 833 3310 tebais.
850 3261 934 3311 troas.
947 3253 1050 3309 medea.

97 3338 287 3409 agamenonia.
304 3336 430 3395 hercules
447 3339 569 3393 cetheus.
600 3337 710 3394 Octauia
733 3337 830 3394 nltimo
846 3337 1050 3411 paenultimone

96 3419 160 3479 loco
184 3420 236 3483 sit,
259 3423 282 3477 is
305 3424 351 3496 qui
375 3421 496 3479 codicem
512 3424 540 3479 in
554 3439 634 3479 usum
650 3422 785 3497 nostruin¹
797 3421 916 3479 contulit
930 3420 1049 3477 indicare

96 3506 296 3579 praetermisit.
326 3506 355 3561 lu
371 3506 495 3580 catalogo
512 3508 622 3565 saeculo
633 3508 714 3567 nimis
729 3514 761 3563 ut
776 3506 886 3563 uidetur
899 3504 1050 3562 liberaliter
