2576 4044
213 250 278 317 324
427 305 429 309 ,
604 262 746 311 luceam

258 418 358 466 cnu'r.
382 404 493 465 Maiora
510 403 644 464 cruciant
658 419 746 480 quam
769 410 801 463 ut
815 418 915 463 moras
936 406 1047 480 possim
1063 406 1138 482 pati.

214 490 351 550 flammae
367 486 513 548 medullas
529 495 558 547 et
573 505 625 547 cor
641 493 770 547 exurunt
784 504 900 556 meum,

214 575 323 635 mixtus
339 573 436 633 doleri
451 571 582 633 subdidit
597 571 731 631 stimuics
746 572 851 641 timor,

213 658 324 719 inuidia
340 655 438 737 pulsat
453 665 566 734 pectus.
598 656 667 715 hinc
682 656 811 716 animum
827 656 896 734 iugo

213 743 325 822 premit
340 741 448 820 cupido
465 742 560 820 turpis
576 747 605 800 et
619 741 699 800 uinci
715 746 796 800 uetat

213 835 244 887 et
258 828 335 887 inter
351 827 421 886 istas
436 827 543 886 mentis
559 823 697 885 obsessae
713 824 792 884 faces

213 909 310 971 sessus
325 909 444 989 quidem
461 916 490 970 et
505 909 640 970 deuictus
656 916 685 968 et
700 907 908 987 pessumdatus

213 994 312 1074 pudor
330 992 463 1054 rebellat.

497 1076 649 1137 Fluctibus
664 1077 755 1135 uariis
770 1092 858 1154 agor,

214 1170 262 1232 nt,
281 1179 348 1222 cum
365 1162 435 1222 hinc
451 1161 632 1239 protundum
648 1167 755 1221 uentus
770 1160 841 1220 hinc
857 1169 955 1221 aestus
971 1160 1066 1239 rapit,
1155 1173 1208 1224 140

213 1246 327 1307 incerta
343 1244 458 1313 dubitat
473 1245 553 1306 unda
570 1246 618 1305 cui
634 1244 719 1305 cedat
733 1242 822 1305 malo.

214 1330 342 1411 proinde
358 1330 444 1390 emisi
459 1331 594 1406 regimen
610 1347 626 1389 e
641 1328 778 1389 manibus
793 1329 877 1389 meis.

214 1433 404 1495 quocumque
419 1432 468 1474 me
483 1415 542 1482 ira,
559 1431 617 1493 quc
634 1412 733 1482 dolor,
751 1430 811 1490 quo
825 1430 893 1492 spes
908 1415 997 1483 ieret,

214 1498 272 1559 hec
288 1501 331 1560 ire
346 1516 479 1577 pergam.
510 1497 649 1559 fluctibns
664 1497 801 1558 dedimus
816 1503 920 1557 ratem.

258 1665 313 1726 Vbi
328 1667 444 1726 animus
460 1673 555 1735 errat,
573 1668 717 1744 optimum
734 1674 778 1725 est
793 1683 916 1726 casum
931 1666 1023 1744 sequi
1152 1675 1205 1725 14⁵

215 1764 319 1811 nvnc.
336 1767 423 1810 caeca
440 1756 485 1811 est
499 1750 650 1810 temeritas
663 1768 740 1828 quae
755 1751 830 1828 petit
845 1767 967 1810 casum
982 1749 1099 1810 ducem.

259 1846 358 1894 curu.
383 1832 436 1894 Cui
452 1833 553 1895 uitima
569 1840 613 1895 est
629 1834 762 1902 fortuna,
779 1833 848 1913 quid
866 1833 985 1894 dubiam
1001 1834 1105 1894 timet?

216 1931 323 1979 mvelt.
338 1924 401 1980 tnta
418 1925 463 1979 est
477 1918 609 1997 latetque
624 1916 724 1996 culpa,
741 1920 766 1976 si
780 1918 907 1996 pateris,
926 1925 985 1979 tua.

260 2014 360 2063 cnYT.
385 2001 522 2063 Perlucet
538 2020 627 2063 cmne
641 2003 740 2080 regiae
756 2002 860 2063 uitium
877 2001 991 2062 dumus.
1281 2038 1282 2111 p

216 2099 321 2148 ner.
337 2089 419 2165 piget
433 2088 543 2165 prioris
559 2093 713 2147 etncuum
730 2087 842 2148 crimen
858 2086 965 2147 struis?
1058 2093 1063 2115 ⁸
1155 2096 1207 2146 150
1281 2116 1282 2151 r

260 2182 360 2231 ccum.
382 2171 441 2231 Res
457 2177 501 2230 est
516 2172 649 2249 protecto
665 2169 753 2231 stulta
769 2170 916 2248 nequitiae
931 2171 1046 2231 modus.
1081 2184 1208 2235 Quatxtss
1231 2162 1241 2173 ⁴

216 2268 320 2316 NVTR.
338 2254 417 2334 quod
426 2257 539 2326 metuit,
556 2262 645 2332 auget
655 2256 706 2332 qui
717 2253 815 2316 scelus
826 2253 939 2315 scelere
950 2253 1056 2315 obruit.
1078 2267 1102 2312 F.
1116 2268 1153 2310 cv

260 2351 360 2399 onum
383 2340 420 2400 Et
436 2339 549 2400 serrum
570 2347 600 2399 et
613 2341 690 2417 ignis
705 2357 795 2416 saepe
810 2339 975 2400 medicinae
995 2337 1062 2399 loco
1078 2346 1133 2401 est.

215 2437 318 2484 nvait.
336 2432 468 2485 extrema
485 2424 582 2501 primo
597 2441 685 2484 neme
699 2424 856 2501 temptauit
870 2422 945 2484 loco.

260 2519 358 2567 curu.
383 2507 537 2586 Rapienda
552 2505 643 2569 rebus
658 2510 688 2567 in
702 2507 788 2568 malis
802 2525 946 2587 praeceps
961 2508 1011 2571 uia
1025 2515 1078 2569 est.
1152 2518 1205 2568 155

215 2604 320 2651 nvnc.
337 2599 367 2650 at
382 2599 411 2653 te
427 2591 561 2653 reflectat
576 2592 696 2671 coniugi
711 2609 821 2654 nomen
837 2609 963 2656 sacrum.

259 2685 358 2734 chun.
383 2675 492 2736 Becem
509 2693 672 2753 perennes
688 2677 775 2738 uidua
791 2678 948 2756 respiciam
965 2676 1084 2737 uirum?

214 2771 318 2819 NVTR.
335 2759 505 2821 meminisse
520 2759 611 2822 debes
626 2759 737 2823 subulis
754 2780 790 2822 ex
806 2760 855 2821 ilto
871 2769 947 2821 tuae.

218 2945 420 2954 *—

285 3065 333 3114 132
351 3067 383 3112 ut
401 3078 447 3113 em.
466 3063 492 3111 E
511 3077 536 3128 q.
555 3079 590 3113 m.
607 3079 635 3197 ᾗ).
653 3068 690 3113 ut
706 3063 768 3129 pati
786 3063 860 3113 Nnc.
874 3058 886 3128 Η
905 3062 1059 3113 1341ixtus
1077 3060 1138 3125 (aed

216 3130 226 3179 i
244 3131 270 3178 in
288 3145 307 3179 u
324 3137 419 3181 mutato
431 3146 462 3179 m,
475 3129 541 3196 aee.)
559 3130 585 3179 E

215 3195 329 3247 uinctus
348 3197 374 3247 Ε
393 3197 522 3248 deuictus
540 3205 564 3261 ψ
583 3196 722 3249 deiectus
741 3214 760 3248 α
782 3194 794 3264 ΙΙ
824 3199 872 3250 lte
889 3197 1017 3262 uagerR
1044 3193 1058 3265 ss
1086 3197 1136 3247 144

214 3263 279 3315 Hoc
299 3264 323 3313 Ε
340 3264 405 3314 Huc
424 3261 473 3332 ΑΗ
484 3264 609 3317 dedimus
626 3266 652 3314 E
669 3265 769 3316 dedam
786 3272 809 3331 ψ
828 3264 895 3316 dedi
913 3260 955 3331 αΗ
969 3265 1016 3315 147
1035 3263 1136 3330 quidm

215 3330 281 3398 quis
299 3331 352 3387 Bo.
388 3331 500 3382 dubiem
516 3333 542 3383 Ε
553 3334 628 3398 Lipe.
641 3335 700 3387 Pal.
718 3331 831 3383 dubium
848 3333 873 3382 A
885 3328 897 3398 ΙΙ
911 3333 959 3383 tm
976 3333 1075 3383 metuit
1085 3331 1136 3395 Εψ

215 3400 357 3450 metuite
394 3400 547 3464 obmitldu
565 3398 817 3467 obstruitussldt
834 3399 979 3466 Rapienda
996 3400 1022 3450 Ε
1039 3402 1076 3452 alt
1108 3404 1137 3450 et

188 3522 191 3527 ,
215 3465 339 3598 gamund!
384 3467 505 3533 capienda
527 3484 547 3518 α
575 3464 588 3533 11
623 3469 671 3519 tce
694 3469 819 3534 coniugii
841 3468 882 3519 εΑ
912 3468 1043 3534 coniugia
1091 3482 1136 3517 ur·

235 3545 266 3595 ep
295 3568 301 3582 .

643 3132 691 3182 135
709 3128 818 3197 pectus)
837 3144 921 3180 cecus
938 3128 964 3179 Ε
985 3126 997 3196 n
1021 3130 1071 3182 138
1088 3129 1135 3181 de·
