2544 4046
491 254 669 304 unientes

81 409 105 465 c'
161 399 198 459 nt
213 397 264 476 qui
280 395 392 458 lsucris
407 394 531 475 gloriam
547 396 613 457 ueri
628 395 710 475 petit,

118 483 219 543 enimc
235 482 330 560 magis
345 498 433 562 quem
449 498 524 542 uoce
539 478 687 541 laudeni
702 478 792 541 uolet.
1054 495 1105 547 210

115 579 196 626 Anu.
224 565 305 627 laus
320 583 392 626 uene
409 572 438 626 et
454 563 559 627 humili
575 581 663 642 saepe
680 565 828 642 contingit
839 565 915 635 uiro,

87 703 90 706 ,
116 668 177 712 000
193 650 248 710 nisi
263 652 378 729 petenti
392 648 474 711 salse.
502 648 582 729 quod
597 648 716 717 nolunt,
734 647 833 710 uelint.

117 748 193 797 sen.
218 752 282 795 rex
299 734 370 795 uelit
386 734 558 795 honesta:
580 751 668 796 nemo
684 751 743 794 nnn
760 732 862 794 endem
879 731 967 795 uolet.

73 836 106 895 c„
154 833 233 880 nnn.
255 819 440 899 Vbicumque
456 825 570 880 tantum
586 817 744 880 honesta
760 818 924 880 dominanti
937 817 1035 890 licent,

118 905 255 984 precario
271 910 424 983 regnatur.
1054 916 1104 970 210

117 1002 193 1050 usn.
456 987 507 1049 ubi
523 1005 581 1048 non
598 995 643 1050 est
657 988 763 1066 pudor,

116 1090 174 1134 nec
191 1090 262 1134 cute
278 1073 366 1144 iuris,
389 1074 574 1134 sanctitas
589 1075 711 1152 pietas
727 1072 839 1134 fides:

116 1156 254 1218 instabile
269 1175 396 1235 regnum
412 1164 465 1217 est.

117 1235 197 1303 snit.
500 1242 687 1303 sanctitas
707 1243 830 1320 pietas
851 1241 946 1304 sides

116 1328 232 1407 priuata
247 1324 326 1387 hona
342 1333 424 1394 sunt,
441 1342 498 1406 qua
514 1326 596 1386 iuuat
611 1342 723 1404 reges
739 1332 816 1387 eunt.

64 1428 106 1488 μ’
159 1423 234 1472 sun.
261 1409 350 1473 Nefas
366 1428 475 1472 nocere
492 1408 539 1472 uel
555 1408 634 1470 mslc
649 1408 733 1470 lustri
749 1417 833 1488 putu.

117 1509 198 1556 000.
226 1494 270 1556 las
286 1501 330 1557 est
345 1496 374 1556 in
390 1493 440 1556 illc
457 1493 595 1574 quicquid
611 1495 642 1554 in
658 1494 750 1556 iretne
766 1501 810 1556 est
825 1495 920 1557 nefas:
1052 1507 1102 1558 220

115 1579 186 1660 quid
204 1581 281 1640 enim
298 1579 418 1658 reliquit
433 1578 558 1641 crimine
573 1580 733 1647 intactum,
750 1585 801 1641 sut
814 1578 866 1641 ubi

115 1662 222 1726 sceleri
237 1664 389 1744 pepercit?
407 1662 578 1745 [contupem
593 1671 701 1741 stupro
716 1666 849 1742 adstulit,

114 1767 303 1826 repetamque
313 1748 430 1830 funin]
458 1749 608 1827 specimen
624 1750 776 1827 antiquum
790 1751 899 1830 imperi

116 1833 223 1895 fraude
239 1841 282 1894 est
298 1834 431 1912 adeptus,
449 1833 553 1894 fraude
569 1831 701 1896 turbauit
715 1832 846 1897 demum.

79 1914 98 1964 d
160 1917 214 1978 Est
227 1917 346 1998 Pelopis
361 1918 427 1979 altis
442 1916 542 1979 nobile
557 1919 587 1977 in
603 1918 725 1980 stabulis
740 1936 840 1998 pecus,
1051 1927 1102 1978 220

116 2016 243 2063 arcanus
259 2005 352 2074 aries,
369 2003 475 2064 ductor
490 2002 623 2081 opulenti
638 2004 745 2083 gregis.

114 2086 226 2149 huius
240 2105 295 2168 per
311 2106 399 2149 omne
415 2105 523 2166 corpus
539 2088 632 2149 effuso
649 2105 734 2150 coma

115 2171 264 2250 dependet
279 2190 365 2243 auro,
382 2180 503 2250 tergere
516 2190 557 2235 ex
571 2174 660 2235 huius
675 2173 747 2235 noui

116 2263 218 2318 aurate
234 2273 322 2335 reges
337 2264 453 2336 sceptra
469 2257 590 2319 tantalei
605 2264 721 2336 gerunt.

77 2346 104 2405 d'
161 2341 319 2403 Possesscr
334 2342 446 2403 huius
460 2350 581 2420 regnet,
597 2341 678 2403 hunc
694 2348 818 2403 cunctae
834 2341 939 2401 dumus
1050 2348 1101 2399 230

116 2425 234 2487 fortune
250 2428 395 2505 sequitur.
423 2434 484 2488 tute
500 2428 628 2506 seposita
643 2444 728 2487 sacer

114 2511 145 2570 in
161 2517 247 2589 parte
261 2512 340 2589 capit
355 2518 447 2590 pcata,
465 2528 541 2589 quae
556 2510 646 2572 cludit
661 2510 743 2590 lapis.

118 2590 233 2680 [fatale
247 2613 342 2658 saxeo
351 2614 502 2673 pascuum
516 2614 605 2659 muro
620 2590 747 2678 tepesc]

182 2986 232 3034 211
252 2984 350 3034 010οΕ
367 2981 473 3049 (literae
491 2986 532 3036 iro
551 3002 567 3035 a
579 2988 596 3035 2
608 2983 650 3049 m.)
674 2980 686 3052 ss
709 2986 759 3036 214
777 2983 864 3036 licent
882 2984 907 3033 Ε
925 2980 973 3049 (tte.
988 2986 1035 3034 200

114 3051 224 3118 aim.)
255 3047 267 3119 ss
296 3055 346 3103 220
363 3053 444 3107 nefas
461 3052 488 3103 E
507 3053 555 3117 (tu.
572 3053 615 3104 fes
633 3056 678 3103 a2
695 3053 739 3119 m.)
762 3049 775 3119 11
798 3056 846 3104 221
870 3051 984 3117 reliquit
1007 3051 1034 3102 E

111 3122 170 3179 (sed
186 3124 198 3170 0
217 3137 234 3173 a
250 3136 280 3171 m.
297 3123 314 3171 2
331 3123 359 3171 in
375 3137 430 3173 ras.
455 3120 575 3186 reliquid
597 3119 662 3183 E¹?)
703 3116 715 3189 [Ι
755 3121 819 3172 2220
848 3122 910 3172 223Ιι
932 3121 1035 3172 sustulit

112 3190 177 3240 tte.
202 3183 214 3256 Η
237 3190 287 3239 221
306 3188 399 3241 infuso
417 3189 442 3239 A
461 3188 548 3241 effuso
565 3189 591 3239 Ε
614 3185 625 3255 ΙΙ
648 3189 699 3241 228
717 3189 854 3255 dependet
872 3186 909 3239 E’
932 3184 944 3256 ΙΙ
972 3188 1033 3239 uiro

112 3257 138 3307 Ε
161 3272 230 3308 euro
249 3257 273 3307 A
294 3252 306 3324 Η
329 3258 408 3307 cuius
428 3273 442 3308 0
460 3260 538 3325 tergo
556 3275 578 3309 ω
597 3263 716 3322 tergere
741 3272 780 3307 ex
797 3257 884 3309 huius
902 3258 934 3307 ci.
946 3255 997 3306 Bo.
1011 3252 1023 3321 Η

111 3327 163 3377 229
182 3323 313 3375 020001ἰοί
326 3326 367 3376 Ae
393 3325 498 3376 tantali
515 3325 556 3376 Ml
572 3325 701 3376 lantelei
718 3327 778 3390 Lip.
797 3321 808 3394 Η
830 3329 880 3377 230
898 3327 994 3374 tantae
1008 3322 1033 3372 Α

112 3390 404 3512 0000002Ε7002.ᾸΙ
431 3395 481 3445 233
504 3409 583 3444 suero
601 3401 776 3460 pascuump
803 3409 887 3445 saxeo
911 3403 996 3455 pecus
1015 3404 1035 3439 0

111 3478 198 3513 saxeo
217 3475 353 3527 pascuum
413 3457 469 3530 ψΗ
492 3478 566 3513 more
583 3469 608 3527 ψ
625 3477 701 3513 mure
719 3462 775 3512 Ε1,
790 3458 945 3526 (10020111
975 3472 1034 3508 uer-

109 3547 165 3582 sum
179 3531 280 3582 'deleuit
291 3529 445 3584 LMuetter.
464 3534 578 3582 lacunam
590 3534 607 3581 2
619 3546 735 3581 uersuum
747 3534 837 3580 statuit
855 3530 919 3580 ΕΡ.
950 3521 955 3592 Ι

784 3610 829 3675 5*
