2544 4046
501 291 680 341 rnunsuno
1007 279 1048 345 75

127 434 304 514 uultumque
319 439 421 495 uersat
436 450 527 512 seque
541 434 573 492 iu
588 433 703 492 incerto
718 439 807 493 tenet.

83 526 115 587 e'
146 518 151 529 “
172 533 253 581 unu.
278 519 355 591 Quid
370 518 491 579 anime
506 515 660 596 pendes„
676 516 786 597 quidue
801 516 956 579 consilium
973 519 1023 580 diu

126 611 189 665 tam
204 601 290 665 iacile
306 602 446 680 torques?
461 602 553 662 rebus
567 602 775 662 incertissimis

109 688 214 775 >fratri
229 695 317 766 atquo
333 704 427 765 regno
442 686 539 747 credis
555 703 589 746 ac
605 688 712 746 metuis
727 683 803 746 mala
1063 706 1115 757 425

126 774 187 834 iam
202 774 296 840 uicta,
313 774 371 833 iam
388 779 540 832 mansueta
557 776 586 831 et
600 787 758 830 aerumnas
774 769 852 848 iugis

126 858 207 918 bene
221 855 396 917 collocatas?
419 873 483 916 essa
497 858 554 916 iam
572 855 713 915 miserum
729 857 819 915 iuuat.

126 942 251 1004 reflecte
266 957 402 1018 gressum
419 940 490 1000 dum
505 940 574 1000 licet
588 947 682 1018 teque·
693 940 785 1015 cripe.

87 1041 110 1094 d
174 1040 277 1086 naun.
302 1027 384 1098 Quae
399 1042 486 1086 causa
503 1025 582 1103 cogit
596 1026 713 1102 genitor
729 1043 745 1085 a
761 1026 855 1102 patria
871 1024 995 1103 gradum

127 1113 244 1172 referre
258 1112 341 1172 uisui
357 1108 513 1171 corbonis
528 1110 615 1170 tantis
630 1110 726 1169 sinum
1063 1130 1114 1178 430

127 1195 288 1258 subducis?
309 1196 355 1256 ira
370 1195 491 1255 frater
506 1192 713 1255 obiectaredit

128 1289 304 1359 partemque
320 1281 407 1358 regni
423 1279 521 1340 reddit
538 1286 567 1340 et
582 1277 697 1338 lacerae
712 1277 818 1338 domus

127 1366 272 1443 conponit
287 1373 371 1426 artus
387 1371 475 1442 teque
491 1364 619 1424 restituit
633 1361 696 1422 tibi.

91 1479 108 1512 c
172 1463 254 1509 unu.
278 1450 403 1512 Causam
418 1449 533 1509 timoris
548 1447 611 1526 ipse
626 1464 714 1525 mam
730 1448 836 1524 ignoro
853 1447 954 1526 exigis.

126 1534 202 1595 nihil
216 1533 381 1596 timendum
396 1533 500 1604 uideo,
517 1532 569 1592 sed
584 1532 675 1593 timeo
690 1540 800 1592 tamen.
1065 1551 1115 1602 435

125 1619 226 1698 placet
240 1620 299 1690 ire,
315 1619 407 1697 pigris
423 1616 558 1678 membra
573 1615 625 1676 sed
640 1615 777 1694 genubus
791 1614 893 1677 labant

126 1703 247 1784 alioque
262 1722 350 1783 quam
366 1721 426 1783 quo
442 1704 521 1762 nitor
536 1699 681 1761 abductus
695 1701 788 1762 feror.

126 1791 170 1849 sic
187 1790 363 1849 concitatam
378 1788 492 1864 remige
508 1793 537 1847 et
552 1784 619 1845 uelo
634 1793 730 1845 ratem

124 1881 226 1934 aestus
241 1874 383 1934 resistens
397 1872 506 1948 remigi
522 1877 551 1931 et
565 1868 634 1931 uelo
650 1869 753 1930 raiert.

85 1960 110 2017 α’
168 1970 272 2018 naun.
296 1957 408 2018 Euioca
424 1954 564 2035 quicquid
580 1953 676 2014 obstat
691 1962 720 2015 et
735 1962 864 2016 mentem
879 1955 995 2035 inpedit
1062 1974 1112 2023 440

124 2042 452 2122 reducemquequanta
468 2040 601 2118 praemia
617 2046 776 2118 expectent
790 2040 869 2101 uide.

126 2136 223 2206 pater,
240 2135 325 2206 potes
341 2143 485 2205 regnare.

126 2226 209 2273 unu.
506 2227 574 2269 cum
589 2209 699 2286 possim
713 2210 798 2269 mori.

126 2314 242 2357 summa
258 2304 303 2357 est
317 2302 447 2374 potestas
462 2293 542 2355 nulla
557 2295 583 2354 si
598 2294 700 2372 cupias
715 2292 798 2352 nihii.

128 2395 233 2440 nonu.
257 2382 354 2458 gnatis
369 2379 531 2459 relinques.

127 2479 210 2525 unu.
557 2478 617 2521 non
633 2460 711 2538 capit
725 2477 852 2536 regnum
868 2461 952 2523 duos.

126 2563 232 2610 nanu.
255 2550 346 2610 miser
363 2567 427 2610 esse
443 2546 556 2608 mauult
571 2563 636 2606 esse
652 2546 703 2623 qui
717 2544 789 2606 felis
804 2546 919 2624 potest?
1059 2566 1110 2613 445

91 2669 106 2702 e
171 2647 252 2695 unu.
274 2633 345 2694 Mihi
360 2634 464 2701 crede,
480 2632 561 2693 falsis
576 2648 682 2708 magna
697 2628 866 2691 nominibus
880 2629 1013 2709 placent,

126 2720 239 2780 frustra
255 2721 397 2780 timentur
413 2718 497 2779 dura.
527 2716 597 2776 dnm
615 2713 749 2775 excelsus
764 2717 840 2785 steti,

125 2821 288 2882 numquam
304 2821 416 2883 pauere
432 2802 530 2863 destiti
546 2808 634 2879 atque
649 2801 747 2877 ipsum
764 2802 824 2861 mei

125 2889 240 2949 ferrum
255 2890 361 2949 timere
377 2887 486 2948 lateris.
517 2891 692 2963 oquantum
709 2883 821 2945 bonum
838 2892 882 2945 est
929 2899 935 2911 ·

126 2973 248 3034 obstare
263 2970 346 3034 nulii.
377 2968 502 3057 [capere
515 2987 641 3032 securas
656 2972 751 3045 dapes
1008 3044 1013 3055 Ι
1061 2987 1113 3036 450
1201 2995 1204 3001 ¹

125 3060 212 3119 humi
227 3053 400 3139 iacentem]
433 3056 547 3117 scelera
563 3072 623 3115 non
638 3055 750 3115 intrant
765 3071 848 3114 casas

194 3229 245 3278 428
264 3227 381 3278 deflecte
395 3226 420 3276 Α
443 3226 529 3278 reiis
556 3221 567 3289 Η
593 3225 644 3273 436
662 3223 841 3287 subgenubus
853 3223 879 3272 Ε
901 3214 951 3273 sed
969 3225 1046 3289 geni-

124 3296 178 3344 bus
191 3295 217 3346 A
240 3291 252 3362 ΙΙ
275 3295 326 3347 438
343 3299 428 3345 uento
442 3295 467 3345 Α
490 3291 554 3343 nelo
572 3305 587 3341 ε
609 3287 621 3356 [Ι
642 3293 693 3341 439
711 3299 893 3355 resurgensrp
911 3292 1046 3341 resistens

125 3376 161 3413 αε
183 3358 197 3429 ΙΙ
218 3364 270 3415 440
287 3362 462 3427 peruinceA
486 3361 583 3410 enince
599 3358 625 3408 Ε
647 3359 729 3408 uince
747 3358 809 3407 uro
832 3355 843 3424 ΙΙ
870 3359 921 3408 443
939 3358 1044 3409 ΤΑΝΤ.

125 3430 207 3495 (Phy.
221 3431 258 3492 A)
277 3445 384 3482 summo
403 3436 445 3481 est
462 3433 597 3495 potestas.
619 3425 703 3476 THY.
721 3425 799 3476 nulio
817 3441 839 3475 s.
854 3440 878 3475 c.
891 3441 918 3475 n,
937 3440 959 3474 co
979 3425 1046 3474 Ton-

123 3500 173 3547 tali
189 3505 216 3548 et
230 3499 356 3564 Thyestae
376 3500 476 3549 nomina
492 3498 593 3546 sustulit
605 3495 683 3544 NHs.
705 3490 719 3560 [l
740 3492 805 3543 acob
817 3495 878 3543 451²
896 3494 967 3548 eieci,
985 3508 1046 3543 con·

121 3567 188 3630 flata
210 3568 303 3617 exeis
321 3571 530 3632 quaeseountur.
559 3560 571 3629 ΙΙ
600 3564 649 3613 451
670 3576 765 3611 cosam
785 3576 804 3609 α
826 3574 908 3609 casus
925 3559 975 3625 Εψ
999 3557 1010 3628 Η
