2544 4040
509 264 676 312 PHAEDRA

133 415 238 462 nvrn.
257 401 298 461 sic
315 409 344 469 te
359 412 497 462 senectus
513 411 613 463 nostra
629 403 782 481 praecipiti
797 403 875 462 sinat

130 488 232 566 perire
247 485 326 545 leto?
348 487 418 546 siste
433 486 626 547 furibundum
643 489 794 565 impetum.

132 569 234 651 [haud
248 573 407 647 qnisquam
422 574 466 631 cd
479 575 574 632 eitam
585 572 685 644 facite
699 575 844 633 reuocari
850 569 976 650 potest]

131 668 188 715 ΡΗ.
213 653 471 733 prohiberenniia
487 657 563 716 ratio
580 657 743 732 periturum
761 662 857 733 potest
1067 671 1118 720 270

133 738 185 799 ubi
202 740 253 819 qui
269 739 343 799 mori
359 740 511 801 constituit
526 747 555 800 et
570 739 658 800 debet
673 740 759 800 mori.

95 818 120 875 α’
175 837 280 884 nvait.
305 821 444 884 Solamen
459 825 543 884 annis
559 825 678 885 unicum
693 824 804 885 fessis
818 824 905 892 hera,

130 908 156 967 si
171 914 232 968 tam
248 914 407 985 proteruus
421 907 541 969 incubat
556 911 647 969 menti
662 910 700 969 iu
710 927 787 969 ror:

131 999 290 1053 contemne
305 992 423 1053 famam.
453 991 530 1053 fama
547 995 595 1053 uix
611 1011 683 1054 uero
698 993 777 1053 fauet

131 1078 216 1155 peius
233 1078 359 1137 merenti
376 1075 481 1137 metior
497 1085 526 1138 et
541 1078 625 1155 peior
640 1077 730 1138 hono.

97 1263 112 1297 e
174 1245 365 1324 Temptemus
380 1246 510 1307 animum
527 1248 640 1307 tristem
656 1254 685 1306 et
699 1245 926 1307 intractabilem.

132 1346 217 1390 meus
232 1330 286 1390 iste
301 1327 386 1390 labor
402 1338 446 1391 est
460 1331 582 1408 aggredi
597 1332 736 1391 iuuenem
752 1330 849 1391 fecum
915 1380 920 1387 .

131 1420 322 1493 mentemque
338 1432 457 1476 saeuam
474 1414 595 1476 flectere
610 1415 722 1475 inmitis
739 1415 804 1474 uiri.

423 1679 577 1734 Gelonus„
593 1679 755 1728 CRESSAE.

98 1852 116 1885 a
263 1835 336 1896 Diua
352 1854 410 1896 nnn
428 1837 490 1897 miti
506 1844 644 1914 generata
659 1842 750 1914 ponto

222 1937 309 1996 quam
325 1929 412 1981 uocat
427 1929 550 1982 matrem
567 1923 702 1998 geminus
717 1919 830 1998 Cupido

219 2003 358 2083 inpotens
373 2005 498 2066 flammis
513 2005 600 2066 simui
616 2013 645 2066 et
659 2006 772 2082 sagittis

265 2257 337 2319 late
352 2257 480 2318 lasciuus
495 2276 585 2336 puer
602 2265 630 2319 et
645 2257 785 2318 renidens

222 2338 278 2401 teia
294 2360 381 2420 quam
398 2350 480 2403 certo
495 2342 667 2403 moderatur
683 2360 763 2402 arcu.

222 2422 351 2505 [labitur
365 2435 443 2489 totas
453 2429 548 2502 furor
563 2431 594 2489 in
608 2429 758 2488 medullas

221 2514 290 2585 ipre
301 2512 423 2584 furtiuo
434 2515 603 2589 populante
617 2509 738 2591 cerzac]

221 2611 279 2654 non
294 2595 384 2657 habet
398 2596 489 2658 latum
505 2597 570 2657 daia
587 2595 673 2675 plaga
690 2595 833 2665 frontem,

221 2678 272 2738 sed
289 2691 374 2743 norat
389 2688 480 2742 tectas
495 2682 613 2760 penitus
628 2678 782 2783 mpduiiaa.

133 2876 304 2884 *um--
314 2879 335 2885 -.

202 3001 252 3051 267
271 3001 352 3052 NVT.
371 3018 417 3052 om.
438 3017 456 3051 α
479 2997 491 3069 ss
514 3001 632 3052 cieteA
651 3000 759 3052 cieteE
777 3002 877 3064 sitem
899 2996 912 3067 ss
935 3001 1008 3051 sinet
1024 3000 1050 3051 A

132 3069 209 3119 sinet
228 3074 271 3132 εψ
294 3064 306 3139 ΙΙ
329 3071 378 3120 269
401 3069 474 3118 haud
493 3069 640 3132 quicquam
660 3068 694 3118 ad
712 3068 798 3117 uitam
817 3067 903 3118 facile
922 3069 1051 3120 reuocari

131 3139 227 3202 potest
244 3136 294 3186 EG
309 3137 384 3187 Voce.
404 3135 463 3199 (ced
473 3140 499 3186 in
514 3137 640 3202 (itepttur
655 3144 714 3201 poet
726 3152 750 3185 u.
763 3134 838 3200 266),
857 3143 934 3186 totum
951 3153 1051 3187 nereum

132 3216 180 3256 orn.
201 3204 225 3253 A
256 3204 314 3254 PH.
338 3204 412 3255 haud
435 3207 580 3270 quiequam
605 3204 639 3254 ad
663 3218 777 3254 euram
800 3203 819 3253 f.
839 3220 860 3253 r.
879 3219 905 3267 p.
929 3206 960 3254 ci.
980 3204 1051 3254 Bad.

132 3287 234 3323 nereum
251 3274 278 3322 in
294 3275 458 3337 empitionem
476 3275 577 3324 rcocauz't
595 3272 719 3336 Scatiper.
737 3274 822 3323 delent
842 3268 854 3338 Η
877 3273 926 3322 271
946 3272 1006 3335 quie
1025 3272 1049 3320 A

132 3341 181 3406 qui
198 3340 225 3390 E
248 3336 259 3407 Η
284 3339 430 3392 OHORVS
449 3342 474 3390 A
497 3339 645 3392 GHORUS
660 3365 667 3379 ·
682 3338 841 3391 ORESSAE
864 3338 890 3388 E
909 3335 921 3405 ss
941 3340 990 3389 281
1013 3341 1050 3386 ta-

131 3425 223 3460 cueram
246 3412 261 3458 1
285 3426 308 3460 u.
330 3409 422 3459 statuit
446 3410 475 3463 li.
497 3410 525 3459 P.
556 3404 568 3476 Ι]
597 3411 646 3460 282
670 3423 733 3459 acre
757 3407 848 3457 nitens
872 3407 896 3455 A
927 3410 956 3455 et
978 3406 1051 3453 reni·

132 3477 202 3528 dena
220 3477 246 3527 E
269 3479 345 3528 Voce.
368 3473 380 3544 Η
409 3478 458 3528 283
475 3475 651 3527 iaculetnrA
670 3472 865 3526 moderaturi]
888 3468 899 3538 Η
922 3474 981 3523 284.
1001 3473 1052 3525 285

131 3547 158 3596 in
170 3561 251 3611 marp.
267 3549 384 3611 tepenter
400 3546 493 3607 Vim,
513 3546 584 3594 uncie
602 3546 691 3595 incluti
709 3559 762 3593 cum
774 3542 823 3592 Bo.
842 3541 876 3604 ef.
890 3557 914 3594 rt.
928 3542 978 3590 642
1000 3534 1014 3607 ΙΙ
