2484 4044
206 260 272 326 404
594 276 737 323 rucunrr

207 416 318 495 inpune
334 416 415 475 saeui
430 422 544 492 sceptra
561 416 618 475 iam
636 433 722 493 reges
739 423 858 494 gerent,

207 502 320 578 inpune
334 500 392 560 iam
409 499 734 581 nasceturindnmitum
752 500 877 573 malum,

207 583 371 645 reddentur
386 602 455 645 arae
470 602 595 645 cernere
610 585 749 645 adsuetae
760 585 890 646 chastiam

209 669 335 731 similem
352 669 471 729 colenti.
503 668 666 730 sceleribus
681 669 738 729 leci
752 672 845 744 uiam,

211 772 265 832 ego
281 772 336 813 uos
351 755 486 833 tyrannis
501 753 622 831 regibus
638 755 867 817 monstrisleris

210 840 365 916 saeuisque
381 847 466 917 rapto
482 838 600 899 uindice
616 840 742 916 opposui
758 839 829 899 deis

211 941 308 984 cessas
324 925 453 983 tonantis
469 924 568 984 socia?
591 941 650 982 non
667 925 782 1001 spargis
798 924 893 984 lacem

209 1009 319 1068 imitata
336 1007 458 1069 fratrem
475 1015 503 1067 et
519 1009 610 1067 mittis
626 1016 759 1086 ereptam
774 1008 837 1068 Ioui
1167 1026 1211 1075 see

207 1110 315 1169 meque
329 1095 393 1170 ipsa
410 1092 530 1170 perdis?
553 1091 617 1153 laus
633 1091 686 1152 tibi
703 1101 804 1169 erepta
821 1092 929 1153 incluta
946 1100 991 1153 est

208 1179 314 1252 ingens
328 1176 510 1254 triumphus:
535 1177 644 1237 aemuli
659 1177 732 1238 Iunc
748 1178 788 1238 tui

209 1268 336 1321 mortem
352 1261 504 1339 occupaui.

209 1359 290 1405 HYn.
540 1347 610 1425 quid
626 1346 745 1406 domum
761 1346 907 1423 inpulsam
922 1347 1037 1407 trallis?

210 1432 321 1491 erroris
337 1440 382 1493 est
397 1432 455 1492 hoc
470 1448 558 1491 omne
574 1431 782 1509 quodcumque
798 1440 843 1492 est
858 1430 949 1491 nefas.

209 1516 289 1576 haud
306 1524 350 1578 est
364 1534 475 1576 nocens
492 1517 670 1594 quicumque
685 1534 744 1575 uon
761 1523 866 1593 sponte
882 1524 924 1576 est
940 1533 1066 1576 nocens
1164 1533 1208 1581 em

210 1613 330 1660 DEIAN.
348 1601 526 1678 quicumque
542 1602 600 1660 lato
616 1601 740 1677 ignoscit
756 1607 785 1661 et
799 1601 895 1679 parcit
909 1599 965 1660 sibi

210 1701 313 1744 errare
328 1685 451 1744 meruit:
475 1693 571 1744 morte
586 1684 719 1746 damnari
735 1684 839 1763 placet.

107 1811 110 1817 -
208 1782 290 1828 HYL.
307 1786 419 1828 nocens
435 1768 532 1828 uideri
548 1771 599 1847 qui
614 1772 690 1830 mori
707 1771 824 1848 quaerit
840 1772 930 1849 cupit.

209 1865 329 1914 Durum
346 1870 428 1913 murs
443 1852 616 1914 innocentes
631 1854 692 1915 sola
709 1854 848 1933 deceptas
863 1854 942 1915 lacit.

209 1951 291 1998 HYL.
309 1937 411 1999 Titana
427 1938 541 2015 fugies?

211 2035 331 2084 nmen.
579 2025 643 2101 ipse
659 2042 706 2084 me
722 2023 809 2084 Titan
824 2024 907 2102 fugit.

210 2121 291 2167 reru.
308 2109 400 2169 uitam
415 2106 583 2187 relinques?

209 2204 332 2254 Durare
621 2194 776 2263 miseram,
791 2201 825 2253 ut
839 2192 960 2253 Alciden
975 2209 1100 2271 sequar.

144 2330 147 2333 .
209 2291 291 2337 urn.
307 2282 444 2356 superest
459 2284 488 2337 et
504 2295 590 2338 auras
605 2275 653 2337 ille
670 2276 812 2338 caelestes
828 2277 926 2339 trahit.

210 2375 331 2424 Durum
348 2364 427 2424 uinci
441 2362 586 2422 Hercules
602 2380 668 2422 cum
684 2363 794 2440 potuit,
810 2362 880 2422 hinc
895 2362 993 2441 coepit
1007 2362 1099 2423 mori.
1123 2422 1132 2435 ,

210 2461 292 2508 HYL.
308 2456 409 2509 natum
424 2446 575 2525 relinques
590 2448 709 2526 lataque
724 2447 884 2526 abrumpes
898 2448 967 2507 tua?

211 2635 415 2643 -—-—-

279 2752 330 2801 878
348 2754 448 2815 gerant
465 2751 491 2800 Ε
514 2756 612 2815 gerent
629 2750 654 2799 A
670 2748 819 2816 'geruntur
847 2747 858 2817 ΙΙ
887 2751 937 2803 878
955 2751 1005 2802 879
1022 2755 1135 2816 uterque

212 2819 285 2869 deest
304 2817 325 2867 θ
342 2822 410 2868 cotue
427 2835 451 2867 a.
470 2819 520 2868 879
539 2834 585 2869 om.
603 2819 666 2868 RIO
687 2816 699 2885 ss
722 2820 771 2869 881
791 2819 894 2870 colenti
912 2836 933 2869 ω
958 2817 1135 2869 inmolanti

214 2886 267 2936 GH.
285 2886 334 2935 red
350 2887 401 2935 uid.
420 2885 503 2935 Here.
521 2885 538 2933 Ι
557 2888 608 2935 903
621 2881 632 2951 l}
648 2886 698 2938 883
717 2888 830 2952 exposui
848 2883 1049 2952 annullans
1069 2901 1135 2936 ere-

211 2957 270 3003 tum
289 2953 314 3002 Ε
333 2949 345 3019 ΙΙ
369 2970 384 3002 α
402 2970 426 3006 u.
439 2953 489 3003 888
507 2955 543 3003 nd
559 2970 582 3002 n.
596 2955 646 3004 928
664 2971 717 3004 cam
729 2955 813 3019 Hyllo
832 2956 944 3020 loquitur
961 2955 1088 3003 Deianira
1106 2955 1134 3004 E

212 3038 266 3072 curn
283 3021 396 3071 Nutrice
415 3021 440 3070 A
464 3017 476 3087 ΙΙ
501 3022 551 3072 889
571 3025 613 3071 est
631 3022 677 3071 hie
694 3022 743 3071 ER
774 3027 816 3072 est
839 3022 901 3072 hnc
919 3022 1037 3086 Scaliper
1066 3025 1133 3071 esto

212 3088 274 3138 hoe
288 3090 364 3138 NHs.
383 3088 482 3151 isticq
501 3090 610 3139 istncA
628 3085 640 3155 Η
656 3091 705 3139 891
724 3091 785 3139 fato
803 3098 841 3153 εψ
859 3090 947 3140 facto
966 3089 1047 3140 ccBo.
1067 3085 1079 3154 ll
1095 3095 1134 3138 ut

212 3160 322 3220 parcat
342 3157 420 3208 Gran.
440 3152 452 3222 ll
472 3158 522 3208 893
541 3158 588 3221 qni
607 3158 676 3207 mori
694 3160 803 3221 quaerit
821 3158 845 3207 E
867 3162 982 3208 mortem
1001 3157 1091 3220 querit
1108 3157 1133 3207 R

214 3224 262 3287 qui
279 3224 351 3288 petit
372 3229 487 3274 mortem
510 3225 534 3275 A
564 3229 651 3275 morte
668 3226 774 3290 petitp
796 3221 808 3291 ll
831 3227 881 3276 895
904 3226 1015 3290 fugiens
1033 3225 1058 3274 E
1088 3223 1133 3273 fu-

212 3293 273 3357 gias
290 3292 316 3341 A
344 3287 356 3358 ΙΙ
384 3293 445 3357 ipse
463 3308 505 3343 me
525 3293 609 3343 Titan
627 3293 648 3345 f.
666 3293 690 3342 A
710 3293 840 3343 thiestem
858 3293 932 3342 titan
949 3293 969 3345 f.
987 3288 1053 3409 Eth
1081 3292 1133 3342 896

212 3361 297 3410 HYL.
309 3359 402 3411 Vitam
415 3360 574 3425 relinquens
587 3361 725 3412 miseram.
743 3361 819 3410 DEI.
838 3361 875 3411 Vt
893 3378 919 3411 n.
939 3376 961 3410 s.
974 3360 999 3409 Ε
1066 3355 1094 3424 (ι’.
1107 3374 1132 3414 e.

213 3425 323 3493 Nutrix)
341 3430 374 3481 V.
395 3428 532 3492 relinques
551 3430 660 3478 misera.
688 3427 838 3480 Dentri.
859 3443 880 3479 s.
900 3429 925 3478 A
955 3429 1029 3478 DEI.
1047 3426 1132 3477 Mise-

212 3511 271 3543 ram
290 3500 321 3544 ut
338 3495 370 3544 A.
390 3512 412 3547 s.
432 3496 511 3545 Gron.
534 3495 581 3557 (Vt
599 3495 648 3545 En
666 3498 780 3546 ‘o.u.l.’
800 3497 888 3545 Delrio
912 3497 949 3545 At
967 3495 991 3543 A
1016 3496 1053 3543 ut
1070 3495 1133 3544 uro

212 3561 250 3611 At
266 3562 299 3614 A.
318 3576 419 3627 sequar
437 3579 484 3616 om.
500 3578 518 3626 p
546 3559 558 3628 ll
586 3564 636 3613 897
656 3544 684 3612 el
701 3563 727 3613 A
746 3566 776 3612 ut
794 3562 819 3611 Ε
842 3559 854 3628 ΙΙ
