2544 4046
493 284 672 333 rnrnsrns
1001 242 1040 336 'n

72 443 97 494 k
164 437 240 486 sor.
381 440 387 450 “
475 422 853 487 Hanciraudemscient
997 437 1147 519 *nexum

115 511 200 589 gnati
214 510 314 588 parari
326 510 337 569 i

115 609 198 654 arla.
360 594 448 654 tacita
464 602 523 653 tam
540 593 664 654 rudibus
680 594 753 655 fides

108 698 181 740 >non
197 679 402 751 estimonio,
419 678 557 754 detegent
571 677 672 739 forsan
691 678 791 741 dolos:

116 775 220 825 tacere
236 761 335 824 multis
352 763 475 824 discitur
491 764 569 823 uitae
586 763 682 823 malis.

68 854 102 912 ις’
163 860 239 908 sar.
266 847 423 926 Ipsosque,
439 866 494 926 per
509 864 584 927 quos
600 846 736 909 fallere
752 846 841 908 alium
858 850 980 928 cogitas,
1058 866 1109 917 320

118 932 244 1003 falles,
260 940 294 992 ut
309 928 364 1010 ipsi
380 934 504 992 crimine
520 938 549 992 et
564 931 649 1012 culpa
665 934 789 994 uacent?

119 1032 200 1078 Arra.
230 1016 299 1094 quid
316 1018 394 1078 enirn
411 1034 532 1079 necesse
549 1025 593 1078 est
609 1017 722 1078 liberos
737 1015 843 1078 sceleri
859 1035 926 1078 meo

118 1103 270 1162 inserere?
291 1119 346 1180 per
361 1119 416 1161 nos
431 1100 497 1163 odio
513 1118 545 1162 se
560 1113 660 1163 nostra
678 1102 837 1181 explicent.
855 1137 897 1147 —

89 1200 102 1248 i
166 1185 242 1247 Male
258 1187 336 1263 agis,
353 1185 469 1247 recedis
485 1188 592 1247 anime.
619 1188 643 1246 si
659 1188 757 1265 parcis
771 1187 838 1258 tuis,

118 1289 227 1351 parces
243 1276 273 1331 et
286 1269 359 1330 illis:
383 1270 487 1331 consili
502 1271 705 1348 Agamemnon
721 1273 779 1332 mei
833 1294 836 1299 ·

119 1358 218 1417 sciens
233 1356 368 1415 minister
383 1355 434 1416 fiat
449 1363 478 1415 et
493 1356 570 1434 patri
587 1357 686 1416 sciens

119 1438 272 1501 Menelaus
287 1440 366 1500 assit.
393 1439 486 1518 prolis
501 1441 633 1501 incertae
648 1439 721 1500 [ides

120 1544 158 1585 ex
172 1524 231 1585 hoc
245 1531 362 1601 petatur
377 1524 500 1585 scelere.
529 1527 552 1584 si
568 1523 645 1584 bella
662 1524 798 1585 abnuunt

120 1617 151 1670 et
165 1626 271 1686 gerere
286 1607 391 1669 nolunt
406 1609 482 1678 odia,
499 1611 523 1669 si
539 1616 679 1688 patruum
695 1617 819 1670 nocant:

95 1763 103 1783 ’
120 1701 207 1773 pater
223 1700 276 1755 est.
299 1700 398 1762 eatur.

82 1772 96 1823 ¹
440 1776 530 1839 Multa
547 1776 598 1839 sed
615 1778 747 1857 trepidus
762 1777 837 1840 solet

120 1864 263 1940 detegere
278 1860 392 1930 uoltus,
409 1880 515 1940 magna
531 1861 680 1923 nolentem
697 1880 815 1943 quoque

120 1945 242 2008 consilia
259 1947 403 2026 produnt:
422 1950 557 2009 nesciant
573 1954 700 2026 quantae
715 1950 760 2008 rei

119 2033 193 2092 liant
207 2033 343 2093 ministri.
373 2039 472 2093 nostra
489 2041 519 2093 tu
538 2041 642 2112 coepta
658 2031 786 2094 occules.

121 2130 196 2178 sar.
223 2115 302 2177 haud
319 2134 384 2177 sum
400 2117 580 2178 monendus:
597 2118 651 2178 ista
668 2124 770 2179 nostro
786 2118 815 2177 in
832 2123 955 2196 pectore

120 2201 195 2262 fides
211 2202 373 2279 timorque,
389 2201 441 2262 sed
458 2204 551 2280 magis
567 2200 685 2263 claudet
699 2202 780 2263 tides.

480 2383 618 2431 CHORVS

279 2485 429 2570 [Tandem
444 2492 532 2565 reaia
547 2491 665 2562 mobilis,

277 2578 399 2650 antiqui
409 2591 505 2649 aecus
519 2576 642 2647 Inachi,

274 2657 413 2731 fratrum
428 2662 586 2736 conparuit
600 2652 722 2741 mirac]

85 2848 105 2882 a
319 2827 391 2899 Quis
407 2845 461 2887 uos
476 2827 604 2905 exagitat
618 2827 703 2888 iuror

276 2910 396 2973 alternis
412 2912 484 2974 dare
499 2913 673 2991 sanguinem
1059 2927 1109 2978 340

189 3081 240 3132 317
267 3081 349 3131 ATR.
368 3080 393 3130 E
415 3097 463 3132 om.
483 3082 508 3132 A
545 3076 558 3147 11
605 3083 654 3132 319
677 3081 758 3131 ATR.
782 3084 877 3132 tacere
897 3082 922 3132 A
956 3080 1039 3135 ΛΤΒ.

119 3166 168 3201 am.
181 3149 207 3199 Ε
230 3146 243 3215 ΙΙ
265 3151 315 3200 320
333 3150 446 3213 ipsosne
460 3149 486 3199 A
508 3150 518 3198 i
539 3163 640 3213 sosque
652 3149 678 3199 E
702 3146 714 3215 ll
741 3151 790 3200 321
809 3149 893 3200 falles
911 3149 991 3200 ΛΤΒ.
1011 3154 1041 3200 at

120 3218 176 3282 ipsi
195 3218 220 3268 A
248 3216 332 3267 folles
350 3220 381 3265 ut
398 3217 454 3281 ipsi
471 3216 497 3266 Ε
519 3166 537 3282 ll
567 3219 617 3268 325
640 3216 684 3267 illi
702 3218 728 3267 A
755 3216 813 3267 illis
830 3217 856 3267 Ε
884 3213 896 3283 ΙΙ
926 3219 975 3269 326
997 3219 1040 3268 in-

120 3286 214 3336 sciens
232 3284 259 3334 E
285 3284 378 3334 sciens
395 3286 421 3334 A
459 3281 471 3349 ΙΙ
499 3286 589 3349 patris
607 3284 696 3335 cliens
713 3286 739 3335 A
766 3287 842 3350 patri
860 3287 952 3336 sciens
969 3286 995 3335 E

119 3351 171 3404 328
190 3352 236 3416 qui
253 3352 330 3403 bella
346 3352 372 3401 Ε
394 3353 418 3403 ei
433 3353 462 3402 b.
480 3353 505 3402 A
540 3349 553 3418 ΙΙ
587 3353 637 3403 329
654 3355 819 3417 patruumA
842 3357 952 3417 potrum
969 3351 995 3401 Ε

118 3423 171 3471 333
189 3420 288 3471 occule
306 3423 348 3472 uel
365 3419 445 3470 ocule
458 3422 484 3470 A
507 3420 618 3471 occules
636 3421 662 3471 Ε
685 3417 697 3488 Η
720 3422 771 3472 335
790 3421 896 3471 claudit
914 3420 939 3470 A
964 3418 1009 3469 cla
1030 3445 1040 3454 ·

119 3487 167 3537 det
185 3501 199 3539 ε
223 3489 235 3555 ΙΙ
259 3487 403 3538 CHORVS
423 3488 474 3539 EA
498 3486 510 3555 ΙΙ
533 3490 668 3540 336-338
686 3490 751 3540 eieci
762 3488 793 3539 ab
806 3488 853 3538 lroc
865 3490 921 3539 loco
933 3488 1038 3540 alienor.

123 3557 220 3606 Verum
242 3558 338 3606 initium
356 3559 476 3606 carminis
494 3557 626 3622 abreptam
643 3573 699 3607 esre
721 3557 846 3621 suspicor.
876 3551 888 3621 Η
