2504 4040
206 192 270 256 264
483 207 516 255 n.
541 207 674 254 anunm
698 206 855 254 suuuunn

207 347 353 427 lugendus
369 346 506 408 Helenae.

174 433 198 491 α’
559 431 671 491 llurum
688 438 718 492 el
732 431 861 492 inuisum
878 441 909 492 et
923 447 1025 507 graue
1041 440 1091 491 est

208 518 326 577 seruilia
342 517 436 586 lerre,
453 516 549 595 patior
565 515 623 576 lroe
639 513 707 576 olim
723 517 824 593 iugum
1110 534 1113 541 ’
1155 527 1198 577 nnn

208 602 293 662 annis
310 601 412 661 decem
429 600 554 679 captiua.
586 607 766 678 prostratum
782 599 867 660 llium
884 608 944 670 est,

208 687 287 746 uersi
303 693 433 763 penates.
466 686 593 764 perdere
609 693 653 746 est
667 686 791 763 patriam
808 701 915 762 graue,

208 772 328 849 grauius
343 772 458 831 timere.
489 788 543 830 nos
559 769 639 831 leuat
655 771 725 830 lanii
742 769 811 830 mali

208 857 380 925 eumilaluS,
395 856 426 914 in
442 872 489 914 me
504 856 600 915 uielor
616 853 645 915 el
656 855 755 915 uictus
771 855 851 914 lurit.

174 951 191 1001 d
252 940 345 1011 Quam
363 941 486 1018 quisque
502 938 641 1000 lamulam
657 938 805 1009 traheret,
822 940 936 1000 ineerlo
952 940 1008 1000 diu
1153 949 1197 999 aas

209 1042 280 1085 casu
296 1023 451 1103 pependit,
468 1042 516 1083 me
531 1041 616 1084 meus
632 1025 720 1084 traxit
733 1025 830 1085 slalim

208 1110 272 1169 sine
288 1117 367 1169 sorte
383 1108 529 1169 dominus.
560 1126 649 1170 eausa
664 1107 809 1169 bellorum
825 1109 867 1169 lui

207 1201 365 1270 tantaeque
381 1192 504 1254 Teucris
520 1192 619 1254 eladis.
651 1193 707 1253 hue
722 1211 827 1254 uerum
843 1200 923 1272 puta.

173 1280 199 1339 d'
252 1278 395 1357 Spartana
411 1286 510 1339 uestra
526 1295 626 1356 puppe
642 1279 666 1338 si
681 1280 761 1339 serui
777 1279 865 1346 freta,

207 1364 232 1424 si
248 1370 331 1442 rapta
347 1362 480 1441 phrygiis
494 1363 604 1442 praeda
620 1362 782 1441 remigibus
797 1363 837 1422 lui

208 1447 347 1526 deditque
364 1447 473 1507 dunum
489 1446 579 1507 iudici
595 1448 700 1508 uictrix
717 1446 787 1507 dea:

207 1534 328 1610 ignosce
343 1531 451 1592 Paridi.
483 1531 610 1592 iudicem
627 1532 733 1592 iralum
750 1550 815 1592 mea

207 1615 344 1677 habitura
362 1633 449 1676 causa
466 1625 524 1677 est:

172 1701 206 1761 d'
562 1701 621 1761 lsla
636 1699 802 1761 Menelaum
819 1707 939 1761 manent

209 1784 342 1845 arbitria.
374 1803 453 1845 nune
468 1784 545 1844 hane
560 1783 689 1844 luctibus
704 1783 824 1862 paulum
842 1787 897 1845 luis

208 1869 416 1931 Andromacha
433 1870 548 1931 omissis
563 1869 663 1930 lleele:
680 1872 728 1929 uix
746 1868 880 1931 lacrimas
896 1887 972 1948 queo
1148 1877 1197 1926 93⁵

206 1955 346 2015 relinere.

207 2052 313 2099 anun.
388 2047 530 2117 quantum
547 2046 592 2099 est
611 2037 722 2100 Helena
738 2039 817 2119 quod
834 2039 966 2100 lacrimat
982 2039 1104 2102 malum.

175 2150 190 2182 e
253 2124 310 2184 Cur
326 2122 461 2182 lacrimat
480 2125 595 2184 aulem?
618 2122 700 2184 lare
715 2142 789 2202 quus
805 2124 921 2185 liliacus
938 2124 1041 2186 dolus

207 2225 283 2288 quae
299 2207 411 2268 seelera
428 2216 535 2268 nectat.
566 2216 664 2269 ulrum
681 2208 718 2268 ab
734 2209 825 2268 idaeis
840 2210 915 2286 iugis

207 2292 340 2354 iactanda
357 2294 443 2369 uirgo
460 2301 505 2353 est
519 2294 596 2353 arcis
611 2310 647 2353 an
665 2291 760 2354 celsae
776 2293 853 2354 edile

206 2377 348 2438 mittenda
365 2378 453 2437 saxu?
476 2395 547 2437 num
563 2395 617 2455 per
633 2377 687 2436 has
702 2385 817 2438 uastum
832 2380 862 2436 in
879 2396 961 2440 mare
1145 2383 1198 2433 949

206 2462 354 2522 uoluenda
371 2479 462 2540 rupes
477 2461 570 2523 latere
586 2480 658 2541 quas
673 2463 765 2522 scisse
781 2461 861 2523 leual

206 2545 298 2607 altum
314 2546 426 2608 uadoso
442 2545 549 2625 Sigeon
564 2555 700 2626 speelans
716 2548 800 2609 sinu?

173 2629 197 2688 e'
250 2630 302 2691 Diu
318 2633 332 2692 l
336 2649 400 2691 are
416 2631 555 2710 quiequid
571 2630 713 2692 subdolo
728 2631 812 2692 uultu
828 2633 912 2709 legis.

207 2715 319 2776 leuiora
336 2714 411 2775 mala
428 2723 497 2776 sunl
512 2722 616 2777 euncla
633 2735 721 2795 quam
738 2716 847 2777 Priami
864 2734 959 2794 gener

207 2866 290 2874 -·——
307 2870 410 2877 ,ς’-...-

275 2954 324 3002 919
342 2952 469 3002 Helenae
489 2957 531 3002 est
548 2952 589 3002 Αε
612 2967 641 3002 es
659 2959 682 3015 ψ
707 2956 749 3001 est
768 2969 813 3002 oriz.
833 2954 872 3002 ed.
891 2953 971 3013 Ferre,
993 2948 1005 3018 ΙΙ
1028 2953 1127 3003 durum

206 3021 326 3069 innisum
339 3036 385 3069 om.
398 3025 461 3084 etde
477 3016 489 3085 ΙΙ
505 3021 555 3069 924
573 3021 660 3070 uictor
674 3024 701 3069 et
712 3020 804 3069 uictus
816 3019 841 3069 E
858 3020 920 3069 nra
938 3018 979 3085 (at
994 3023 1128 3086 interpres

206 3103 260 3136 euru
278 3085 321 3149 A)
339 3088 430 3136 uictus
450 3091 477 3136 et
494 3089 583 3137 uictor
601 3088 625 3136 A
648 3084 659 3153 Η
681 3089 731 3138 926
749 3087 835 3137 trahit
854 3087 877 3135 Ε
893 3083 904 3152 Η
921 3089 971 3138 928
989 3092 1127 3155 tantaque

206 3155 231 3205 E
243 3150 254 3219 ll
267 3156 316 3204 929
328 3170 419 3219 puppe
432 3155 527 3204 uestra
538 3155 564 3204 E
581 3157 680 3220 puppis
692 3158 786 3204 uestra
800 3156 823 3204 A
836 3151 848 3221 ll
860 3157 937 3204 secui
952 3155 978 3204 Ε
995 3158 1088 3207 secuit
1100 3159 1129 3207 A

206 3227 303 3273 nesi-ra
321 3237 413 3287 puppe
432 3222 529 3273 [Gron.
546 3218 558 3288 ll
579 3223 602 3271 si
621 3223 661 3273 εΑ
680 3237 732 3285 qne
751 3230 774 3285 ψ
791 3219 803 3288 Η
823 3224 873 3273 930
891 3223 940 3272 Sin
959 3224 998 3273 εΑ
1018 3223 1049 3273 Si
1067 3232 1091 3287 ψ
1111 3226 1127 3287 ΙΙ

207 3293 256 3341 932
275 3305 337 3340 mea
356 3289 514 3340 EdEIPal.
534 3294 601 3354 puta
618 3292 644 3340 A
662 3292 697 3353 rs.
717 3291 766 3340 928
778 3286 790 3354 ll
807 3291 856 3340 933
874 3290 950 3339 mille
969 3292 1084 3342 nauium
1104 3292 1135 3342 Ε

205 3357 364 3407 Menelaum
382 3358 408 3406 A
420 3354 495 3420 11934
513 3358 628 3408 arbitrix
647 3358 672 3406 Ε
683 3354 695 3424 ll
706 3360 756 3408 935
774 3358 838 3407 flete
852 3357 879 3407 E
890 3354 902 3423 ΙΙ
913 3360 963 3408 942
981 3359 1092 3410 undoso
1105 3360 1136 3410 Ε

205 3424 326 3473 uadosos
344 3424 369 3471 A
393 3419 405 3487 ss
429 3425 523 3487 sigaeo
543 3424 568 3472 E
591 3427 687 3488 sigeon
705 3425 730 3474 A
753 3420 765 3489 Η
788 3425 878 3474 sinum
896 3425 922 3474 E
939 3427 1017 3476 sinus
1036 3427 1061 3476 A
1074 3428 1102 3477 E
1114 3435 1133 3478 r.

207 3490 287 3543 Gron.
307 3491 367 3538 sinu
388 3489 466 3540 Gron.
490 3486 502 3555 ΙΙ
