2576 4044
224 255 290 320 378
386 304 388 307 .
614 267 756 316 rucuurr

227 413 330 488 ignara
346 409 439 477 uinci,
456 410 481 468 si
497 408 567 488 quid
583 409 706 468 excessit
722 408 799 467 feras

227 497 345 555 inmane
362 493 458 554 dirum
473 492 616 553 horribile
631 510 689 571 quo
705 493 769 552 uiso
785 491 928 553 Hercules

225 585 343 639 auertat
358 576 473 638 oculos:
498 577 556 638 huc
571 594 663 655 specu
679 577 812 638 inmenso
829 585 922 637 exeat.

226 661 275 724 uel
292 665 315 723 si
331 663 411 723 ierac
427 669 587 739 negantur:
610 661 688 721 hauc
704 662 830 722 animam
845 678 954 740 precor

224 754 369 808 conuerte
384 748 414 807 in
431 746 518 808 aliod.
538 744 702 824 ,quodlibet
717 763 838 823 possum
853 745 963 805 malum

226 831 482 893 hacmeutefieri.
514 830 659 890 conmoda
676 831 803 907 effigiem
820 830 892 890 mihi
949 904 952 908 Α

228 935 330 995 parem
347 915 455 976 dolori:
479 930 538 975 non
556 916 635 992 capit
649 922 753 993 pectus
768 915 872 977 minas.

223 1001 298 1081 quid
315 1002 427 1061 excutis
443 999 557 1060 telluris
573 1005 721 1059 extremae
737 1001 820 1060 sinus

223 1085 389 1163 orbemque
405 1085 523 1145 uersas?
546 1084 617 1164 quid
631 1101 720 1161 rogas
735 1084 831 1144 Ditem
846 1083 939 1144 malai

226 1187 333 1230 omues
347 1170 378 1228 in
394 1171 448 1229 isto
464 1175 586 1247 pectore
601 1169 735 1229 inuenies
751 1169 829 1228 ieras

224 1273 302 1334 quas
318 1255 428 1314 timuit:
453 1253 527 1314 odiis
543 1254 643 1330 accipe
659 1254 717 1313 hoc
733 1251 823 1314 telum
839 1253 911 1314 tuis:

222 1357 283 1417 age
298 1341 370 1399 dum
385 1356 515 1398 nouerca
531 1337 659 1416 perdere
675 1337 796 1397 Alciden
812 1346 912 1415 potes:

224 1424 327 1504 profer
342 1441 448 1484 manus
463 1439 661 1500 quocumque.
691 1421 763 1500 quid
780 1439 877 1483 cessas
893 1421 965 1482 dea?

224 1516 311 1569 utere
327 1507 453 1569 furente.
485 1506 562 1584 quod
579 1506 664 1567 iubes
679 1507 746 1566 fieri
761 1506 862 1567 nefas?

226 1593 334 1670 reperi.
367 1591 437 1669 quid
452 1592 576 1652 haeres?
600 1593 663 1669 ipsa
678 1593 735 1651 iam
753 1607 851 1651 cesses
866 1589 950 1661 iicet,

224 1677 301 1737 haec
315 1676 359 1735 ira
376 1677 445 1737 satis
462 1683 515 1737 est.

222 1775 327 1822 NVTR.
547 1760 677 1839 pectoris
693 1761 758 1821 sani
774 1777 878 1838 parom

118 1912 121 1917 ,
221 1844 343 1906 alomna
359 1853 479 1923 questus
495 1846 649 1922 conprime
665 1852 694 1905 et
709 1844 842 1904 flammas
858 1844 955 1904 doma.

225 1931 309 1990 frena
326 1929 470 1990 dolorem.
501 1931 658 2007 coniugem
673 1929 797 1989 ostende
812 1928 956 1989 Herculis.
1002 1941 1025 1982 r.
1038 1941 1146 1985 cxxxx
1166 1941 1218 1991 280

223 2028 344 2075 Duram
369 2013 430 2074 lolo
446 2016 519 2074 meis
534 2015 649 2090 captiua
666 2030 823 2091 germanos
839 2013 920 2074 dabit

225 2101 301 2160 natis
315 2098 452 2176 Iouisque
468 2099 518 2157 fiet
533 2117 567 2157 cx
585 2097 692 2157 famula
709 2098 820 2158 nurus?

223 2202 294 2245 uum
311 2182 428 2243 flamma
446 2200 551 2243 cursus
567 2183 678 2259 pariter
694 2190 724 2243 et
738 2192 857 2243 torrens
872 2183 948 2243 feret

221 2278 255 2329 et
270 2286 337 2328 ursa
355 2275 478 2345 pontum
494 2269 572 2328 sicca
588 2266 757 2327 caeruleum
775 2266 874 2328 bibet?

224 2371 283 2413 uon
299 2352 348 2412 ibo
363 2352 466 2412 inulta.
498 2352 626 2429 gesseris
642 2350 755 2412 caelum
771 2350 841 2412 iicet

221 2445 361 2517 totusque
377 2455 481 2515 pacem
497 2435 602 2497 debeat
617 2437 746 2497 muudus
760 2434 830 2497 tibi:

220 2530 270 2583 cst
284 2521 394 2602 aliquid
410 2521 502 2600 hydra
519 2524 619 2598 potius
635 2522 726 2581 iratae
743 2519 828 2580 dolor

222 2614 343 2683 nuptae.
376 2607 441 2683 quis
456 2607 532 2681 iguis
548 2613 645 2666 tantus
661 2608 690 2664 iu
707 2604 822 2665 caelum
838 2605 911 2665 surit

221 2689 354 2751 ardentis
369 2690 497 2750 Aetnae?
521 2690 661 2769 quicquid
676 2698 721 2750 est
737 2691 847 2751 uictum
863 2689 917 2750 tihi

225 2818 429 2828 ----

290 2876 341 2925 264
359 2875 431 2940 quod
448 2876 474 2924 E
493 2890 545 2939 quo
564 2872 755 2942 AflHercuiis
772 2873 807 2924 Ε·
822 2890 891 2926 corr.
904 2872 939 2924 Εί
952 2872 964 2942 Η
980 2876 1031 2927 285
1048 2875 1100 2926 hoc
1120 2893 1144 2927 ω

220 2943 285 2993 huc
303 2944 379 2994 NHs.
393 2939 404 3010 Η
417 2958 501 3008 specu
518 2944 570 2994 EA
589 2944 652 2993 sinu
668 2939 715 3009 ψΗ
728 2945 777 2994 267
796 2943 906 3007 aliquod
925 2944 976 2993 EA
996 2943 1100 3009 aliquid
1119 2953 1145 3007 up

219 3011 307 3062 aliud
326 3008 419 3078 NHsl
439 3026 550 3077 possum
562 3028 584 3061 ω
602 3013 701 3077 possit
719 3026 737 3060 α
749 3007 760 3078 Η
773 3012 822 3061 272
841 3012 968 3062 inuenies
986 3011 1011 3061 E
1023 3013 1147 3062 Deirr’mu'

220 3080 351 3129 inueniris
370 3080 394 3128 A
430 3077 436 3145 Ι
464 3081 514 3130 273
532 3078 666 3128 timuitE
684 3079 782 3128 timeat
800 3080 825 3128 A
854 3074 867 3145 Η
895 3081 946 3129 274
963 3079 1023 3144 Ego
1043 3094 1101 3130 sum
1121 3097 1144 3130 ω

218 3146 362 3210 Aequum
380 3147 456 3199 NHe.
481 3145 625 3212 Agedum
642 3149 745 3210 scripsi.
762 3142 774 3211 Η
789 3148 840 3196 275
859 3146 955 3196 Perfer
972 3147 1024 3197 EA
1043 3147 1145 3197 Profer

221 3214 305 3264 Baoit.
324 3231 372 3279 mp.
390 3215 449 3264 Fer
467 3215 511 3264 fer
528 3217 569 3264 uei
592 3214 635 3264 Of
640 3214 683 3263 fer
701 3214 775 3265 NHs.
798 3210 809 3278 Η
830 3214 880 3264 276
899 3213 958 3264 deri
976 3232 998 3264 ω
1020 3214 1073 3264 fiet
1089 3216 1115 3264 A
1134 3213 1143 3279 Η

219 3284 272 3332 277
289 3282 392 3347 Repeti
403 3282 455 3332 EA
474 3283 576 3347 Peperi
587 3290 610 3345 ψ
623 3278 634 3347 Η
652 3282 701 3332 278
721 3282 776 3331 fati
788 3287 831 3331 est
841 3281 868 3330 E
886 3282 956 3332 sotis
969 3286 1012 3332 eat
1024 3278 1073 3348 ΑΗ
1090 3284 1143 3332 281

221 3350 282 3401 Iole
300 3350 352 3400 EA
375 3350 465 3415 litio
488 3346 500 3416 Η
523 3353 573 3401 282
593 3366 626 3401 ox
644 3350 696 3399 EA
718 3352 744 3399 iu
763 3351 815 3399 iud.
835 3365 888 3399 err.
912 3346 924 3415 Η
947 3351 997 3401 288
1014 3349 1085 3399 Num
1103 3351 1145 3399 εΙί

220 3419 290 3468 Pau.
309 3434 394 3469 omnes
421 3419 483 3468 Non
501 3418 525 3466 A
555 3415 567 3484 Η
595 3418 669 3467 feret
686 3417 738 3467 EA
756 3418 848 3468 ferent
866 3418 933 3470 Pau.
952 3424 979 3466 ut
997 3419 1106 3469 uidetur.
1129 3420 1143 3479 Η

222 3485 272 3534 286
289 3486 375 3535 michi
392 3485 418 3534 E
436 3485 490 3534 tibi
508 3485 533 3534 A
551 3482 563 3550 Η
579 3487 629 3536 287
647 3485 738 3550 potius
756 3493 794 3548 εψ
813 3485 893 3548 peius
910 3486 935 3534 A
953 3481 964 3551 Η
986 3487 1037 3536 289
1055 3499 1080 3549 q.
1099 3485 1146 3534 in·

219 3550 295 3595 ι·”ϊ·
413 3551 506 3600 lIPal.
526 3567 552 3614 q.
571 3553 703 3602 inuictum
722 3558 765 3602 est
783 3553 836 3601 tibi
854 3552 972 3616 Seoiiper
994 3550 1006 3618 Η
