2544 4046
481 286 661 336 THYESTES

119 429 191 509 quid
207 428 245 487 sit
260 426 338 505 quod
354 425 470 497 horres,
487 425 543 487 ede
560 435 591 488 et
605 434 759 487 auctorem
773 423 880 486 indica.

119 532 181 574 nou
198 529 311 590 quaero
326 512 391 588 quis
406 512 454 579 sit,
469 512 522 572 sed
537 519 613 571 uter.
644 509 764 572 ellare
779 511 871 570 ocius.
1054 526 1105 574 640

84 638 100 670 e
164 610 269 657 uvn‘r.
292 594 327 655 ln
342 611 413 654 arce
426 613 541 656 summa
557 594 693 674 pelopiac
709 611 779 673 pars
794 601 840 654 est
854 592 958 654 domus
1052 605 1076 656 t·
1086 604 1140 646 XVI

91 741 94 744 ,
120 698 267 743 conuersa
284 679 320 740 ad
336 685 462 747 austros,
481 684 567 742 cuius
583 688 748 740 extremum
764 678 841 739 latus
955 710 961 719 ·
984 688 1142 732 utxxvlttl

121 765 245 844 aequale
260 765 355 824 monti
370 765 480 824 crescit
493 771 583 841 atque
598 764 704 825 urbem
720 765 829 841 premit

121 861 150 912 et
165 856 371 911 contumacem
386 847 508 926 regibus
523 847 668 926 populum
684 849 746 909 suis

120 934 211 996 habet
226 932 281 994 sub
297 933 367 993 ictu.
395 931 488 1011 fulget
501 932 550 993 hic
564 933 671 993 turbae
686 950 779 1009 capax
1058 948 1108 998 646

120 1023 241 1080 inmane
258 1026 384 1085 tectum,
401 1022 485 1077 cuius
499 1026 617 1078 auratas
631 1016 733 1078 trabes

122 1104 212 1165 uariis
227 1100 383 1162 columnae
398 1099 513 1161 nobiles
528 1101 650 1162 maculis
667 1100 776 1163 lerunt.

120 1196 189 1266 post
205 1190 258 1246 ista
273 1185 365 1263 uulgo
380 1192 450 1246 nota
465 1203 541 1264 quae
556 1185 658 1264 populi
675 1185 783 1254 colunt,

121 1275 152 1334 in
168 1270 259 1332 multa
274 1271 358 1330 diues
373 1271 466 1348 spatia
481 1270 605 1331 discedit
620 1271 736 1331 domus.

86 1373 111 1433 θ’
165 1359 280 1418 Arcana
295 1355 327 1413 in
341 1355 402 1414 imo
418 1354 501 1432 regio
516 1372 636 1415 secessu
652 1357 734 1422 iacet,

124 1439 181 1501 alta
197 1445 347 1500 uetustum
362 1436 439 1499 ualle
454 1456 637 1517 conpescens
652 1454 767 1508 nemus,

121 1523 275 1604 penetrale
289 1525 392 1601 regni,
408 1521 487 1583 nulla
503 1540 561 1601 qua
576 1522 670 1584 laetos
684 1522 759 1583 solet

122 1608 269 1688 praebere
283 1625 384 1668 ramos
399 1606 489 1667 arbos
504 1615 554 1668 aut
568 1608 651 1668 lerro
668 1608 734 1676 coli,

122 1694 175 1754 sed
191 1703 276 1752 taxus
292 1698 321 1752 et
336 1708 496 1768 cupressus
511 1701 540 1752 et
555 1693 640 1770 nigra
656 1691 723 1753 ilice

123 1778 251 1839 obscura
266 1774 454 1844 nutatoilua,
471 1794 560 1854 quam
575 1794 666 1854 supra
682 1778 815 1838 eminens
1051 1795 1109 1844 aaa

123 1864 275 1939 despectat
289 1859 347 1921 alte
363 1877 492 1938 quercus
507 1869 537 1920 et
552 1862 643 1921 uincit
657 1879 772 1922 nemus.

122 1948 195 2007 hinc
210 1945 358 2024 auspicari
374 1961 466 2023 regna
482 1944 653 2007 Tantalidae
668 1944 773 2013 solent,

123 2032 195 2093 hinc
210 2038 314 2108 petere
329 2028 414 2089 lassis
429 2027 521 2090 rebus
536 2048 571 2091 ac
585 2030 682 2091 dubiis
698 2047 795 2109 opem.

98 2132 114 2152 ‘¹
167 2115 261 2175 dliina
277 2113 433 2174 inhaerent
447 2115 539 2183 dona,
555 2115 675 2176 uocales
690 2114 779 2176 tubae

123 2200 273 2275 fractique
288 2215 395 2258 currus
410 2197 504 2277 spolia
520 2201 628 2278 myrtei
643 2202 743 2272 maris,

124 2285 281 2361 uictaeque
297 2281 377 2342 lalsis
392 2282 496 2344 axibus
511 2284 643 2361 pendent
657 2293 751 2352 rotae,

123 2377 154 2430 et
169 2385 258 2427 omne
273 2369 369 2445 gentis
384 2367 508 2437 lacinus,
524 2369 582 2429 hoo
597 2368 742 2447 phrygius
756 2367 823 2428 loco

122 2454 201 2513 iixus
217 2454 305 2512 tiaras
319 2450 450 2530 Pelopis,
468 2451 517 2512 hic
532 2452 642 2531 praeda
659 2454 789 2513 hostium

124 2546 155 2598 et
171 2537 208 2597 de
224 2536 375 2613 triumpho
391 2538 469 2615 picta
485 2535 644 2598 barbarico
661 2536 801 2613 chlamys.

124 2624 193 2682 lons
207 2629 265 2680 stat
278 2622 334 2680 sub
350 2620 456 2681 umbra
473 2623 565 2683 tristis
581 2628 610 2681 et
625 2624 710 2699 nigra
726 2623 812 2699 piger
1061 2637 1113 2688 aaa

124 2744 193 2751 ἠ
211 2740 320 2747 η--η

194 2791 244 2840 639
268 2788 338 2839 effer
355 2796 480 2840 autorem
499 2792 524 2840 Α
555 2790 605 2841 ede
624 2795 652 2840 et
670 2796 811 2841 auctorem
829 2790 854 2839 E
877 2786 889 2856 Η
913 2791 964 2841 640
987 2804 1044 2840 non

123 2872 228 2922 quaero
248 2857 309 2921 quis
332 2858 370 2907 eit
387 2856 478 2923 cedd
501 2860 561 2921 (ciri
578 2861 647 2924 qood
662 2874 713 2910 non
735 2861 810 2909 nulli:
833 2874 888 2909 non
906 2859 968 2922 quia
985 2856 1044 2918 aad,

123 2928 180 2976 uel:
199 2939 256 2973 non
273 2924 339 2987 quid
355 2925 392 2974 ait
409 2924 469 2985 sed)
493 2941 549 2976 non
567 2942 671 2991 quaero
690 2926 752 2991 quia
770 2926 820 2977 aad
839 2942 858 2975 α
884 2940 940 2975 non
959 2940 1043 2989 quero

123 2992 190 3058 quid
208 2995 247 3042 ait
264 2991 313 3042 aed
330 2993 430 3043 unna
451 2988 465 3060 Ι]
492 2994 541 3043 641
560 2994 668 3059 pelopis
685 3009 750 3059 para
769 2997 812 3044 eet
829 2993 923 3044 domus
940 3000 965 3056 ψ
994 3008 1041 3057 pe·

122 3062 196 3125 lopia
214 3074 272 3109 una
290 3065 333 3111 eat
350 3076 415 3126 para
433 3060 529 3112 domus
548 3077 567 3112 α
584 3062 719 3127 pelopeae
738 3077 803 3126 para
821 3077 845 3111 a.
865 3061 890 3110 d.
908 3060 949 3110 ilfi
966 3060 1042 3126 pelo·

122 3143 213 3194 paeae
236 3145 263 3193 p.
282 3144 307 3180 e.
326 3127 351 3178 d.
370 3129 397 3178 E
423 3128 562 3195 pelopiae
584 3130 634 3182 Bo.
665 3126 677 3196 ΙΙ
710 3131 760 3180 647
784 3129 928 3180 columbae
947 3144 966 3179 ot
997 3143 1042 3178 oo-

121 3197 253 3262 lumpnae
277 3196 327 3261 Eo
356 3193 368 3262 ll
397 3198 447 3247 660
465 3197 546 3262 regia
567 3212 680 3248 recessu
699 3198 723 3247 Α
748 3199 858 3263 regiae
887 3211 1000 3247 secessu
1018 3195 1044 3244 Ε

122 3266 201 3330 regio
220 3273 376 3330 secessum
399 3261 555 3382 lkpatem
574 3266 650 3315 iacet
661 3265 728 3315 Eun
750 3261 763 3331 ΙΙ
785 3267 835 3316 666
852 3265 1044 3330 supreminene

121 3333 148 3383 Ε
172 3329 185 3399 ss
208 3333 398 3385 6581assiaA
443 3332 687 3398 (locarentur.)
709 3334 774 3382 etA
799 3333 871 3383 acE
893 3329 905 3399 ll
933 3333 982 3382 661
1001 3330 1043 3378 ui-

25 3434 26 3439 =
121 3407 226 3465 taeque
239 3400 265 3450 Ε
282 3403 432 3467 uictaeque
446 3404 471 3452 Α
495 3401 653 3499 fultaeque
666 3404 697 3452 ei.
711 3402 786 3451 NHa.
809 3402 991 3462 iunctaeque
1011 3398 1044 3446 oi.

120 3485 174 3567 Εο,
205 3481 228 3620 'h
247 3488 298 3538 663
320 3487 417 3553 pelops
436 3487 461 3536 Ε
490 3483 503 3554 Η
531 3487 581 3538 664
603 3502 698 3541 eamus
716 3485 741 3535 Ε
762 3484 852 3547 (redu
869 3486 1045 3535 a1m.corr.

28 3652 29 3661 ἵ
119 3551 190 3618 my)
795 3633 841 3696 6*
