2544 4046
217 213 260 278 60
498 228 529 275 n.
546 228 680 276 anunm
697 228 855 277 sennenn

217 385 272 427 nos
287 385 407 446 quoqne
421 375 593 436 tremamus
610 385 735 445 quaere:
751 369 809 427 iarn
827 375 926 428 nostra
941 367 1021 430 subit

218 470 234 513 e
249 452 342 530 stirpe
355 449 443 512 turba
459 469 535 529 quae
550 469 635 512 suum
652 454 753 512 uincet
767 470 861 530 genus

217 555 252 596 ae
268 554 316 596 me
331 538 520 597 innocentem
536 537 624 595 iaciat
639 544 669 596 et
683 537 784 597 inausa
801 536 917 598 audeat.

184 636 200 670 ο
260 620 393 697 Regiune
409 619 550 699 quiequid
565 621 644 697 inpia
661 619 838 690 cessationi,

218 702 381 783 eonplebo,
399 722 562 783 numquam
576 712 674 765 stante
688 694 813 785 pielbpea
830 706 921 766 dumo
1056 775 1065 791 „

217 789 313 850 Minus
329 787 455 850 uaeabit.
1048 826 1062 856 n

202 886 296 933 mvn.
501 890 593 951 perge
608 872 789 934 detestabilis
994 836 1051 971 i&

179 975 182 980 ·
219 956 323 1019 umbra
340 964 370 1017 et
383 966 507 1035 penates
521 959 619 1034 inpius
639 958 752 1020 iuriis
773 975 838 1036 age.
963 971 1000 1043 pso
1017 950 1033 981 ²

183 1074 198 1108 e
261 1041 397 1103 Certetur
413 1043 494 1101 omni
509 1039 623 1102 scelere
645 1050 675 1101 et
689 1041 801 1102 alterna
817 1043 882 1103 uine
936 1030 965 1101 b

184 1120 191 1131 '
218 1114 382 1204 stringatur
397 1127 484 1186 ensis.
517 1143 573 1186 nee
587 1126 625 1186 sit
639 1128 752 1188 irarum
768 1127 901 1187 mudus‘
916 1073 950 1175 Bb

218 1209 370 1289 pudorne:
386 1218 502 1271 mentes
516 1228 623 1271 caecus
638 1212 756 1290 instiget
770 1211 855 1271 iuro
864 1230 893 1282 r,

217 1294 315 1357 rabies
330 1303 486 1373 parentum
503 1295 589 1356 duret
604 1304 633 1356 et
648 1294 769 1374 longum
785 1297 869 1357 neias

218 1388 265 1442 eat
279 1384 310 1441 iu
325 1389 459 1459 nepotes.

184 1483 201 1532 b
498 1464 661 1545 Nequanet
676 1465 813 1543 cuiquam
829 1472 915 1529 uetus

219 1548 315 1610 odisse
331 1550 489 1609 crimen:
513 1567 633 1627 semper
647 1551 761 1609 oriatur
776 1567 887 1610 nouum

219 1650 274 1694 nee
290 1650 383 1693 unum
399 1634 519 1701 inuno,
536 1633 666 1712 dumque
681 1636 802 1711 punitur
818 1634 958 1705 scelus,

219 1724 343 1777 creseat.
367 1716 505 1796 superbis
520 1716 663 1779 iratribus
678 1735 792 1796 regne
808 1719 944 1780 excidant

217 1809 394 1881 repetatque
409 1801 553 1881 profugus
574 1801 663 1864 dubia
680 1801 826 1864 uiolentae
840 1804 947 1865 donus

218 1886 346 1948 fortuna.

178 1980 205 2038 b'
383 1971 480 2050 Reges
494 1972 572 2032 inter
589 1972 721 2031 incertos
734 1971 815 2034 labet

219 2055 325 2137 [miser
338 2075 379 2118 ex
387 2063 516 2134 potente
527 2060 600 2131 rint,
617 2074 658 2118 ex
670 2061 781 2119 misero
790 2055 914 2139 potens]

217 2140 369 2219 fluctuque
383 2156 448 2217 reg
460 2157 544 2201 num
559 2159 646 2202 casus
661 2140 784 2203 adsiduo
801 2142 885 2203 ierat.

217 2224 256 2286 nb
278 2224 424 2287 scelera
444 2224 539 2303 puisi,
563 2244 630 2286 eum
647 2223 728 2287 dabit
741 2230 866 2307 patriam
882 2225 964 2296 deus,

217 2312 247 2371 in
268 2309 417 2372 seelera
438 2310 564 2372 redeant
584 2312 701 2390 sintque
716 2319 777 2372 tam
792 2310 880 2372 inuisi
895 2312 1044 2382 omnibus,

217 2414 305 2476 quam
322 2395 388 2457 sibi.
417 2395 489 2469 nihii
505 2396 601 2456 sitire
618 2395 695 2473 quud
712 2397 836 2458 uetitum
852 2404 951 2476 putet:

183 2495 199 2531 e
259 2480 428 2540 Fratrem
450 2486 628 2557 expaueseat
642 2479 778 2551 irater,
795 2488 824 2540 et
838 2489 958 2557 gnatum
975 2498 1086 2559 parens

215 2571 381 2642 gnatusque
396 2572 528 2642 patrem,
545 2564 630 2625 liberi
646 2574 769 2642 pereant
784 2565 870 2634 male,

216 2648 301 2726 peius
315 2654 414 2707 tamen
431 2655 603 2719 nascantur,
620 2649 763 2710 inmineat
778 2650 843 2709 uiro

216 2733 320 2792 infesta
339 2733 484 2800 coniunx,
500 2730 577 2793 belia
593 2740 675 2793 trans
690 2741 813 2811 pontum
830 2734 948 2796 nebant.

182 2810 206 2868 c'
253 2816 370 2877 Ebusus
385 2817 481 2876 omnis
496 2817 602 2893 inriget
617 2823 713 2878 terras
729 2835 819 2879 cruor

216 2919 366 2981 supraque
381 2906 505 2977 magnos
520 2901 650 2978 gentium
668 2901 778 2964 exultet
793 2903 884 2965 dures

217 2984 307 3046 iibido
323 2985 439 3047 uictrix.
461 2985 539 3063 inpia
556 2992 690 3065 stuprum
706 2988 736 3046 in
753 2987 843 3047 sturno

217 3068 400 3130 lenissimum
416 3070 463 3131 sit.
497 3071 633 3132 fratris
650 3078 679 3132 et
694 3072 737 3131 ias
754 3082 780 3133 et
796 3072 869 3132 fides

283 3309 316 3359 2³
332 3306 380 3357 ΜΞ.
391 3308 417 3357 Α
434 3306 555 3387 ΡἾΒΙᾼ.
573 3306 599 3357 E
618 3304 666 3372 (ric
676 3324 726 3372 per
737 3315 815 3359 totam
825 3304 985 3426 uenenum&
1001 3311 1035 3361 26
1045 3309 1134 3361 strin-

215 3381 316 3443 gantur
334 3389 415 3427 enses
433 3376 458 3425 A
489 3379 644 3441 stringetur
661 3391 722 3427 esen
741 3376 766 3424 E
787 3378 847 3438 (etr.
867 3377 942 3427 susis
1003 3378 1091 3439 tGr.)
1108 3375 1121 3443 ΙΙ

214 3447 248 3496 33
269 3448 454 3509 repetuntque
471 3441 580 3495 seur.
612 3448 819 3509 repetatqueq
847 3440 860 3510 ΙΙ
888 3447 922 3497 36
944 3446 1029 3496 dorem
1056 3440 1069 3511 ΙΙ
1097 3448 1134 3497 86

214 3511 345 3576 luctuque
362 3510 388 3560 E
416 3508 429 3577 Η
