2576 4044
221 274 285 354 3'20
609 301 752 348 rucunrr

265 441 332 503 Vbi
346 440 450 501 tondet
464 440 525 502 ales
540 440 626 500 auida
641 439 800 500 secundum
815 441 898 499 iecrrr

223 535 253 588 et
267 528 344 587 inter
359 526 454 586 undas
469 525 583 586 feruida
600 532 721 584 exustus
736 525 783 583 siti

222 628 314 689 aquas
330 610 450 688 lupaces
465 627 518 670 ore
534 610 660 687 decepto
676 609 788 686 appetit

223 713 334 773 poenas
349 695 472 755 daturus
491 693 627 756 caelitum
644 692 768 770 dapibus
783 694 908 770 graues?

266 779 324 840 Sed
340 778 388 840 ille
404 786 523 840 nostrae
538 796 607 857 pars
623 784 710 856 quola
727 783 771 836 est
787 775 891 853 culpae
906 779 1017 839 senex?

222 872 395 942 reputemus
410 882 513 924 omnes
529 881 603 939 quos
618 861 657 921 ob
673 859 807 920 infandas
822 879 928 922 manus

224 949 374 1026 quaesitor
388 965 462 1008 urna
479 949 600 1024 gnosius
614 953 714 1005 uersat
729 962 812 1004 reos:

223 1033 340 1092 uincam
356 1031 498 1110 Thyestes
513 1029 676 1091 sceleribus
693 1040 816 1090 cunctos
832 1031 919 1100 meis,

223 1135 240 1177 a
257 1117 348 1177 fratre
364 1117 474 1177 uincar.
506 1114 607 1175 liberis
622 1113 729 1192 plenus
743 1112 839 1174 tribus

224 1202 254 1260 in
271 1218 318 1259 mc
334 1199 456 1279 sepultis
472 1201 585 1260 uiscera
602 1197 687 1258 creti
703 1216 777 1258 mea.

267 1284 328 1345 Neo
343 1284 486 1345 hactenus
501 1285 618 1344 fortuna
634 1281 793 1342 maculauit
808 1290 937 1359 patrem,

224 1369 276 1430 sed
292 1370 387 1430 maius
402 1368 480 1429 aliud
496 1387 567 1429 ausa
583 1368 731 1427 conmisso
746 1365 858 1435 scelus,

225 1462 332 1531 gnatae
347 1454 491 1514 nefandos
506 1461 610 1531 peiere
626 1451 801 1512 concubitus
816 1450 908 1511 iubet.

225 1556 284 1597 non
300 1538 425 1616 pauidus
440 1538 524 1598 hausi
540 1537 631 1604 clieta,
653 1535 705 1596 sed
721 1537 786 1612 cepi
802 1535 893 1594 nefas,

266 1622 345 1699 Ergo
361 1633 393 1681 ut
407 1641 462 1700 per
477 1623 574 1681 omnis
589 1620 702 1680 liberos
715 1621 789 1679 irem
806 1637 932 1696 parens,

224 1712 324 1764 coacta
341 1705 409 1765 latis
424 1715 511 1783 gnata
527 1706 586 1767 lert
600 1713 719 1766 uterum
735 1722 859 1781 grauem

223 1808 271 1849 me
286 1796 369 1868 patre
385 1790 516 1866 dignum.
547 1807 635 1850 uersa
650 1798 755 1849 natura
772 1795 816 1848 cst
830 1796 922 1849 retro.

223 1891 279 1933 auo
296 1881 447 1951 parentem
463 1893 518 1953 pro
533 1874 618 1935 nefas
633 1875 711 1952 patri
726 1873 823 1934 ulrum

224 1960 321 2035 gnatis
337 1968 458 2036 nepotes
473 1960 579 2019 miscui
595 1959 674 2018 nocti
689 1957 776 2019 diem.

268 2043 325 2102 Sed
341 2062 407 2104 sera
423 2044 543 2103 tandem
559 2043 680 2120 respicit
693 2042 788 2103 sessos
803 2039 887 2102 malis

223 2126 851 2203 mmmfflmmmm:

224 2227 276 2270 rex
292 2210 341 2271 ille
356 2228 460 2288 regum
477 2213 582 2272 ductor
597 2214 801 2287 Agamemnon
817 2211 925 2272 ducum

224 2296 308 2355 cuius
324 2302 443 2356 secutae
459 2294 538 2356 mille
553 2294 694 2357 uexillum
709 2302 789 2355 rates

125 2410 133 2425 =
224 2377 306 2439 iliaca
322 2378 396 2441 uelis
413 2382 504 2440 maria
519 2388 660 2441 texerunt
675 2381 751 2458 spis,

222 2471 291 2541 post
307 2463 422 2524 decima
439 2463 551 2524 Phoebi
566 2464 659 2523 lustra
675 2463 791 2524 deuicto
807 2462 859 2523 llio

224 2547 307 2608 adest
322 2547 444 2609 daturus
460 2549 577 2625 coniugi
593 2546 727 2625 iugulum
742 2548 823 2608 suae.

267 2632 386 2693 lamiam
403 2632 516 2693 natabit
531 2634 675 2710 sauguine
690 2631 804 2693 alterno
821 2632 935 2693 domus.

224 2734 310 2777 enses
325 2735 460 2789 securem
476 2716 531 2777 tela
548 2717 674 2778 diuisum
690 2718 774 2795 graui

223 2802 283 2861 ictu
301 2800 441 2880 bipennis
457 2804 573 2878 regium
590 2801 677 2863 uideo
694 2807 792 2879 caput.

223 2886 292 2944 iam
308 2884 422 2946 scelera
437 2904 531 2964 prope
547 2894 614 2946 suot
629 2888 697 2947 iam
713 2884 798 2945 dolus
815 2885 920 2946 caedes
936 2903 1033 2946 eruor.

266 2969 412 3031 Parantur
428 2970 542 3050 epulae.
574 2988 662 3030 causa
677 2968 781 3030 natalis
798 2970 839 3030 lui
928 3036 933 3051 Ι

222 3053 361 3130 Aegistho
376 3057 467 3116 uenit.
498 3056 568 3134 quid
584 3054 681 3131 pudor
697 3054 797 3115 uultus
812 3061 929 3132 granai,

222 3137 294 3215 quid
311 3137 414 3199 (lextra
430 3139 519 3201 dubio
534 3139 648 3217 trepida
666 3138 786 3200 consilio
802 3137 895 3210 labat,
1160 3149 1195 3200 50

224 3324 429 3332 -——--——..

291 3444 324 3493 23
346 3448 546 3575 τοῆειαωιιεψ
575 3438 587 3507 ll
616 3444 649 3494 35
672 3441 730 3492 Auo
748 3446 877 3507 nepotem
947 3442 980 3495 Α.
998 3446 1142 3508 parentem

223 3507 353 3559 annuat
412 3512 445 3561 38
467 3509 592 3560 incertae
611 3509 680 3560 ΕΜ)
705 3510 831 3561 incestae
849 3511 874 3560 A
898 3507 903 3576 Ι
932 3511 967 3560 42
990 3509 1142 3561 decimnE

223 3573 332 3637 donau
351 3575 421 3627 binc
435 3593 453 3626 α
464 3573 476 3643 ΙΙ
488 3579 521 3628 46
539 3592 663 3629 securem
676 3576 701 3626 E
718 3591 830 3628 secures
842 3578 867 3626 A
879 3573 891 3644 Ι]
903 3580 936 3630 te
954 3582 1026 3629 tuus
1039 3578 1115 3628 NHe.
1134 3576 1142 3642 l'
