2484 4044
390 276 571 324 uersutus
590 261 779 344 [osrusrs]
981 259 1045 323 413

280 416 367 477 undis
382 415 527 476 stantibus
543 417 689 476 inmemor
1049 421 1131 471 ·1080

281 503 407 562 excussit
422 500 556 561 rabidam
573 501 650 561 sitim

279 604 336 646 neo
351 588 447 665 pontis
463 585 583 645 adhibet
598 601 712 643 manus.

323 721 371 781 stc
387 740 452 781 eum
469 718 616 798 linqueret
631 719 744 779 interos

280 805 417 883 Orpheus
432 806 562 864 earmina
578 811 763 878 temperans,

280 897 473 967 consumptos
489 889 596 948 iterum
613 887 684 947 deae

279 973 418 1052 supplent
434 972 641 1052 Eurydices
657 971 750 1032 eolus.

328 1108 386 1169 Sed
402 1109 472 1169 dum
488 1108 610 1185 respioit
625 1109 772 1167 inmemor

281 1211 337 1252 nec
353 1194 480 1254 eredens
496 1192 552 1252 sibi
568 1191 713 1252 redditam

281 1277 452 1355 Orpheus
467 1276 679 1355 Eurydicen
695 1276 793 1352 sequi,

283 1369 387 1422 cantus
403 1362 535 1440 praemia
551 1360 692 1438 perdidit,

327 1496 430 1567 Quae
445 1502 530 1556 nata
547 1501 605 1555 est
618 1496 739 1564 iterum,
756 1495 844 1574 perit.

281 1588 353 1640 tune
368 1580 511 1641 solamina
527 1578 663 1639 cantibus

281 1682 428 1743 quaerens
442 1662 590 1725 flebilibus
605 1662 701 1722 modis

281 1748 355 1810 haec
372 1748 549 1829 Orpheus
564 1749 671 1808 cecinit
686 1747 783 1809 Getis:

323 1885 418 1963 Leges
433 1885 462 1943 in
480 1901 605 1962 superos
621 1883 704 1943 datas

281 1975 309 2028 et
325 1971 374 2047 qui
390 1976 525 2047 tempora
541 1968 679 2046 digerens

282 2061 399 2132 quattor
415 2054 585 2132 praecipitis
601 2051 674 2111 deus

282 2139 350 2197 anni
366 2137 509 2214 disposuit
525 2137 624 2196 uices:

281 2437 354 2498 nulli
370 2457 429 2497 non
445 2439 522 2499 auidi
538 2438 621 2498 colus

282 2524 391 2583 Parcas
406 2524 530 2583 stamina
546 2530 675 2583 nectere.

131 2635 334 2648 ,ιιι-..-

198 2679 262 2729 1081
281 2676 413 2726 Exeessit
430 2675 456 2724 E
482 2675 614 2725 Excussit
632 2675 657 2725 A
684 2674 820 2725 Exclusit
837 2675 914 2725 NHo.
938 2672 950 2742 Η
972 2676 1047 2726 rabi·

128 2746 193 2796 dem
211 2745 236 2794 E
246 2745 271 2795 A
295 2743 421 2808 rapidam
438 2751 461 2808 ψ
480 2739 491 2809 Η
509 2744 574 2794 1083
594 2743 641 2792 Sie
660 2759 721 2793 oum
739 2744 881 2808 inquirens
899 2744 1004 2794 inferos
1022 2745 1047 2794 E

128 2812 183 2864 Sed
200 2828 261 2862 eum
278 2813 418 2875 linqueret
435 2811 540 2860 inferos
559 2811 584 2860 A
604 2811 690 2872 Quin
709 2827 768 2860 oum
787 2812 863 2861 NHs.
876 2807 889 2879 Η
902 2813 967 2862 1084
985 2813 1047 2861 fun-

127 2881 207 2931 deret
225 2880 249 2927 E
271 2879 390 2929 fundens
408 2879 433 2926 A
462 2878 630 2928 funditoris
651 2880 728 2929 Gron.
754 2879 898 2931 diuidens
916 2880 1048 2930 Bentleiua

129 2948 254 2999 earmina
277 2952 477 3010 temperans
499 2949 595 3011 reperti
615 2962 651 2996 em
668 2947 757 2996 Boetii
773 2951 789 2999 t.
803 2947 858 2997 III
873 2964 895 2997 e.
909 2951 956 3007 12,
970 2951 1013 2997 21.
1034 2949 1046 3011 Η

130 3017 195 3067 1087
214 3015 399 3079 consumptos
417 3013 442 3063 E
461 3013 645 3078 consumptas
658 3015 683 3063 A
695 3011 707 3081 Η
721 3016 786 3065 1089
805 3014 859 3063 Sed
878 3016 918 3065 εΑ
936 3015 974 3063 Et
990 3016 1014 3064 n
1033 3016 1046 3078 Η

130 3086 196 3136 1090
217 3083 277 3134 Neo
297 3083 336 3132 εΑ
367 3082 469 3131 NonR
491 3078 503 3147 Η
528 3084 593 3132 1093
616 3081 742 3142 Quonam
761 3085 804 3130 est
826 3082 852 3130 E
882 3083 961 3143 Quae
979 3086 1048 3132 nata

129 3156 173 3201 est
191 3147 320 3217 ,4111094
337 3149 416 3198 Tune
435 3166 456 3199 oo
475 3150 548 3198 Turn
566 3150 616 3200 Bo.
630 3147 641 3215 Η
654 3152 720 3199 1096
738 3150 803 3198 Has
827 3150 905 3200 With.
919 3145 932 3216 Η
949 3152 1048 3201 1098-

131 3221 197 3269 1100
216 3216 265 3281 (Ε1
278 3218 323 3283 qui
337 3244 369 3251 -
381 3216 470 3282 uiues)
490 3218 640 3283 Rutpereioe
657 3219 864 3281 transponendoo
881 3220 978 3267 cenauit
987 3225 1048 3282 poet

129 3287 422 3349 antemuranum
442 3285 519 3335 Gran.
544 3293 569 3335 et
592 3285 672 3338 With.
692 3292 718 3334 et
737 3285 782 3334 GR
804 3281 817 3350 Η
841 3287 907 3336 1098
925 3286 972 3334 Ex
991 3300 1048 3348 quo

129 3353 180 3403 Bo.
194 3349 206 3413 ΙΙ
218 3352 321 3416 digerit
338 3353 363 3402 Ε
380 3352 509 3417 digerens
528 3354 552 3401 A
570 3348 581 3419 Η
598 3355 664 3403 1099
683 3353 820 3414 Quattuor
837 3353 862 3402 Ε
881 3353 1006 3413 Quatuor
1022 3353 1047 3403 A

131 3420 254 3470 Certus
279 3421 356 3471 With.
370 3416 381 3486 Η
393 3421 561 3484 praecipites
580 3421 605 3469 Ε
623 3421 786 3485 praecipitis
806 3420 830 3469 A
844 3417 855 3486 Η
867 3427 926 3469 onte
944 3437 968 3470 u.
983 3420 1047 3471 1101

130 3490 181 3539 duo
203 3491 323 3538 uersiculi
346 3490 531 3538 interciderent
559 3483 571 3554 Η
606 3490 671 3538 1101
697 3488 772 3538 auidi
796 3488 872 3539 eolus
895 3487 921 3537 Ε
951 3487 1048 3538 auidas

130 3555 192 3607 colo
210 3556 235 3606 A
257 3556 354 3606 auidas
372 3555 435 3619 polo
453 3552 501 3623 ψΗ
515 3558 579 3607 1102
598 3556 701 3606 Pareat
719 3557 745 3607 Ε
763 3557 868 3608 Parcas
886 3556 911 3606 A
935 3552 948 3624 Η
