2544 4046
364 1028 520 1075 ranrunl
535 1029 665 1075 VMBRA.
695 1028 812 1075 FVRIA.

93 1169 111 1203 a
219 1134 290 1206 Quis
306 1153 353 1194 me
367 1134 533 1193 inferorum
550 1133 619 1193 sede
636 1133 672 1194 ab
688 1134 813 1195 infausta
834 1133 961 1194 extrahit

129 1220 219 1281 auido
234 1219 356 1295 fugaces
371 1237 423 1278 ore
440 1225 607 1296 captantem
624 1217 724 1278 cibus?

92 1323 113 1372 b
178 1304 249 1375 Quis
265 1303 341 1363 maie
357 1303 480 1363 deorum
497 1301 620 1363 Tantalo
636 1305 714 1363 uisas
730 1303 833 1362 domos

130 1389 261 1449 ostendit
275 1389 403 1448 iterum?
425 1388 510 1464 peius
525 1387 679 1447 inuentum
695 1393 740 1447 est
755 1388 803 1446 siti

130 1482 233 1533 arente
247 1475 278 1531 in
295 1473 381 1533 undis
399 1470 510 1549 aliquid
527 1480 555 1531 et
569 1472 654 1549 peius
670 1471 746 1531 iame

131 1559 232 1617 hiante
247 1557 385 1635 semper?
401 1556 519 1636 Sisyphi
535 1556 678 1634 numquid
695 1556 769 1635 iapis

130 1642 291 1718 gestandus
306 1643 418 1701 umeris
433 1639 565 1701 lubricus
580 1640 690 1701 nostris
706 1641 807 1700 uenit?

86 1736 117 1796 b‘
169 1729 226 1787 hut
240 1725 374 1786 membra
391 1725 481 1786 celeri
497 1724 638 1785 differens
655 1743 744 1785 cursu
761 1725 844 1786 rotat

61 1875 64 1881 ,
131 1818 183 1872 aut
197 1828 292 1888 poena
308 1812 392 1890 Tityi,
410 1813 459 1889 qui
476 1827 567 1887 specu
583 1819 667 1870 uasto
684 1818 786 1888 patens

131 1895 296 1957 uiscerIbus
311 1904 390 1956 atras
405 1896 500 1972 pascit
515 1895 627 1955 effossis
642 1913 721 1963 aues,
913 1907 935 1948 r.
950 1906 1046 1948 exirm
1067 1901 1100 1950 10

131 1991 161 2041 et
176 1989 264 2041 nocte
279 1997 422 2056 reparans
447 1979 586 2058 quicquid
603 1980 699 2040 amisit
715 1979 771 2049 die,

129 2064 250 2142 plenum
267 2065 382 2125 recenti
397 2062 538 2144 pabulum
557 2073 690 2123 monstro
707 2064 801 2124 iacet?

90 2182 110 2215 e
173 2149 206 2210 In
223 2150 301 2226 quod
318 2146 427 2208 maiam
445 2148 650 2208 transcrihor?
672 2169 689 2208 o
706 2150 839 2228 quisquis
858 2167 934 2208 noua

129 2233 274 2312 supplicia
290 2234 399 2294 functis
414 2234 507 2293 durus
523 2233 696 2293 urnhrarum
713 2233 825 2294 arbiter

92 2340 97 2347 ’
131 2318 274 2396 disponis,
292 2318 363 2378 addi
376 2320 399 2376 si
416 2318 486 2394 quid
503 2318 538 2377 ad
556 2335 667 2394 poenas
683 2327 788 2395 potest,

129 2403 210 2483 quod
226 2405 288 2481 ipse
305 2410 403 2462 custos
420 2403 547 2462 carceris
562 2402 620 2462 diri
636 2402 765 2469 horreat,

89 2497 114 2555 c'
175 2487 258 2559 Quod
274 2494 405 2547 maestus
421 2487 557 2547 Acheron
574 2494 695 2564 paueat,
713 2485 748 2546 ad
765 2487 850 2546 cuius
867 2493 977 2547 metum

199 2691 335 2742 INCIPIT
361 2688 366 2752 Ι
392 2688 589 2739 THYES'IES.
618 2687 817 2739 FELICITER
848 2686 852 2752 Ι
880 2689 1049 2741 TANTALI.

128 2773 445 2825 varane-rviam
469 2770 480 2839 ΙΙ
509 2773 932 2828 'rANTALVsMEGARnA
962 2770 973 2840 ΙΙ
1004 2775 1050 2824 ‘In

27 2910 33 2914 ,
127 2876 175 2908 ms.
194 2862 282 2909 codiee
301 2860 443 2910 ATREVS
462 2859 659 2909 inscribebatur’
678 2859 754 2909 NHa.

201 3029 214 3075 1
239 3028 307 3090 Quis
325 3043 368 3076 me
386 3028 463 3078 furor
481 3043 555 3077 nune
577 3027 642 3078 sede
663 3028 697 3078 ab
717 3028 843 3077 infausta
866 3028 1004 3078 abstrahit
1023 3030 1047 3077 A

128 3094 237 3145 TANT.
262 3097 422 3160 (eedpaene
441 3098 639 3145 deterrumum
660 3095 782 3155 scholiis.)
804 3096 872 3158 Quis
897 3095 1047 3146 inferorum

129 3163 197 3213 sede
217 3162 252 3212 ab
271 3163 397 3212 infausta
417 3163 539 3213 extrahit
557 3162 582 3211 Ε
612 3164 679 3225 Quis
698 3178 746 3211 me
759 3163 908 3212 iuferornm
928 3162 993 3213 sede
1013 3163 1048 3213 ah

129 3231 255 3280 infausta
274 3231 395 3279 extrahit
413 3231 453 3280 ΛΕ
485 3226 497 3295 ΙΙ
532 3231 646 3281 3uiuas
665 3230 759 3280 domos
777 3231 801 3280 Α
832 3232 909 3281 uisas
928 3232 1006 3281 domo
1025 3231 1050 3280 E

130 3298 247 3348 inuisas
265 3300 298 3348 ei.
312 3298 387 3349 NHs.
408 3301 506 3350 iussas
525 3301 556 3348 ci.
571 3299 625 3348 BP.
650 3295 661 3364 ii
684 3296 700 3348 9
720 3302 768 3347 aut
780 3314 871 3363 poene
884 3299 961 3362 Tityi
980 3314 1048 3347 sem-

129 3381 180 3432 per
198 3380 365 3416 accrescens
388 3368 466 3417 Iecur
483 3367 507 3416 A
540 3382 565 3419 a.
585 3384 612 3432 p.
632 3371 651 3415 t.
672 3368 718 3431 qui
737 3382 822 3430 specu
845 3372 927 3416 uasto
951 3373 1050 3429 pateus

130 3449 240 3498 semper
259 3448 424 3484 accrescens
443 3435 520 3485 ieeur
532 3435 572 3484 M]
602 3451 626 3483 a.
646 3451 672 3499 p.
691 3440 711 3484 t.
732 3435 779 3496 qui
798 3449 882 3499 specu
900 3438 982 3482 nasto
1001 3449 1050 3496 pa-

99 3518 102 3521 ·
130 3507 192 3550 tens
211 3499 270 3565 (om.
284 3516 369 3566 semp.
384 3518 426 3552 ac.
441 3503 471 3566 i.)
485 3499 510 3550 E
531 3498 543 3567 Η
567 3506 600 3552 10
616 3502 779 3551 uulneribus
792 3517 813 3550 ω
830 3500 985 3550 uisceribus
998 3517 1017 3549 a
1029 3498 1040 3567 ΙΙ

131 3571 163 3618 15
183 3569 287 3619 addere
307 3569 439 3622 addiBo.
465 3568 477 3635 Η
500 3571 616 3635 poteaA
636 3568 766 3634 potestE
780 3567 838 3630 (Gr.
849 3566 879 3631 t.)
904 3563 916 3633 Η
