<?xml version="1.0" encoding="UTF-8"?>
<!DOCTYPE html PUBLIC "-//W3C//DTD XHTML 1.0 Transitional//EN"
    "http://www.w3.org/TR/xhtml1/DTD/xhtml1-transitional.dtd">
<html xmlns="http://www.w3.org/1999/xhtml" xml:lang="en" lang="en">
 <head>
  <title>
</title>
<meta http-equiv="Content-Type" content="text/html;charset=utf-8" />
  <meta name='ocr-system' content='tesseract 3.04.00' />
  <meta name='ocr-capabilities' content='ocr_page ocr_carea ocr_par ocr_line ocrx_word'/>
</head>
<body>
  <div class='ocr_page' id='page_1' title='image "./lannaeisenecaet08senegoog_0323.png"; bbox 0 0 2504 4040; ppageno 0'>
   <div class='ocr_carea' id='block_1_1' title="bbox 240 290 876 354">
    <p class='ocr_par' dir='ltr' id='par_1_1' title="bbox 240 290 876 354">
     <span class='ocr_line' id='line_1_1' title="bbox 240 290 876 354; baseline -0.003 0"><span class='ocrx_word' id='word_1_1' title='bbox 240 290 321 354; x_wconf 84' lang='grc'><strong>242·</strong></span> <span class='ocrx_word' id='word_1_2' title='bbox 520 306 550 351; x_wconf 77' lang='lat' dir='ltr'><strong>c.</strong></span> <span class='ocrx_word' id='word_1_3' title='bbox 570 305 702 351; x_wconf 74' lang='lat' dir='ltr'><strong>auram</strong></span> <span class='ocrx_word' id='word_1_4' title='bbox 720 303 876 353; x_wconf 72' lang='lat' dir='ltr'><strong>souuerse</strong></span> 
     </span>
    </p>
   </div>
   <div class='ocr_carea' id='block_1_2' title="bbox 207 443 1129 522">
    <p class='ocr_par' dir='ltr' id='par_1_2' title="bbox 207 443 1129 522">
     <span class='ocr_line' id='line_1_2' title="bbox 207 443 1129 522; baseline 0.001 -17"><span class='ocrx_word' id='word_1_5' title='bbox 207 447 235 505; x_wconf 86' lang='lat' dir='ltr'><strong>o&#39;</strong></span> <span class='ocrx_word' id='word_1_6' title='bbox 289 457 399 505; x_wconf 67' lang='lat' dir='ltr'><strong>auam.</strong></span> <span class='ocrx_word' id='word_1_7' title='bbox 422 444 459 503; x_wconf 80' lang='lat' dir='ltr'><strong>ht</strong></span> <span class='ocrx_word' id='word_1_8' title='bbox 473 462 532 503; x_wconf 88' lang='lat' dir='ltr'><strong>non</strong></span> <span class='ocrx_word' id='word_1_9' title='bbox 548 443 704 505; x_wconf 88' lang='lat' dir='ltr'><strong>timebat</strong></span> <span class='ocrx_word' id='word_1_10' title='bbox 719 452 804 504; x_wconf 86' lang='lat' dir='ltr'><strong>tuuc</strong></span> <span class='ocrx_word' id='word_1_11' title='bbox 822 453 888 504; x_wconf 89' lang='lat' dir='ltr'><strong>tuus</strong></span> <span class='ocrx_word' id='word_1_12' title='bbox 905 444 1001 505; x_wconf 81' lang='lat' dir='ltr'><strong>fateor</strong></span> <span class='ocrx_word' id='word_1_13' title='bbox 1018 463 1129 522; x_wconf 82' lang='lat' dir='ltr'><strong>parens</strong></span> 
     </span>
    </p>
   </div>
   <div class='ocr_carea' id='block_1_3' title="bbox 206 613 1209 1287">
    <p class='ocr_par' dir='ltr' id='par_1_3' title="bbox 241 613 999 693">
     <span class='ocr_line' id='line_1_3' title="bbox 241 613 999 693; baseline 0 -18"><span class='ocrx_word' id='word_1_14' title='bbox 241 617 376 693; x_wconf 85' lang='lat' dir='ltr'><strong>interque</strong></span> <span class='ocrx_word' id='word_1_15' title='bbox 393 613 499 674; x_wconf 89' lang='lat' dir='ltr'><strong>caedes</strong></span> <span class='ocrx_word' id='word_1_16' title='bbox 515 614 656 674; x_wconf 79' lang='lat' dir='ltr'>Graeciae</span> <span class='ocrx_word' id='word_1_17' title='bbox 671 621 758 690; x_wconf 83' lang='lat' dir='ltr'><strong>atque</strong></span> <span class='ocrx_word' id='word_1_18' title='bbox 775 621 856 674; x_wconf 85' lang='lat' dir='ltr'><strong>ustas</strong></span> <span class='ocrx_word' id='word_1_19' title='bbox 871 621 949 674; x_wconf 90' lang='lat' dir='ltr'><strong>rates</strong></span> <span class='ocrx_word' id='word_1_20' title='bbox 993 668 999 675; x_wconf 93' lang='lat'><em>.</em></span> 
     </span>
    </p>

    <p class='ocr_par' dir='ltr' id='par_1_4' title="bbox 240 697 930 779">
     <span class='ocr_line' id='line_1_4' title="bbox 240 697 930 779; baseline -0.004 -20"><span class='ocrx_word' id='word_1_21' title='bbox 240 701 339 779; x_wconf 83' lang='lat' dir='ltr'><strong>segnis</strong></span> <span class='ocrx_word' id='word_1_22' title='bbox 356 698 471 759; x_wconf 89' lang='lat' dir='ltr'><strong>iacebat</strong></span> <span class='ocrx_word' id='word_1_23' title='bbox 485 697 556 758; x_wconf 90' lang='lat' dir='ltr'><strong>belli</strong></span> <span class='ocrx_word' id='word_1_24' title='bbox 572 706 602 758; x_wconf 90' lang='lat' dir='ltr'><strong>et</strong></span> <span class='ocrx_word' id='word_1_25' title='bbox 617 716 767 757; x_wconf 89' lang='lat' dir='ltr'><strong>armorum</strong></span> <span class='ocrx_word' id='word_1_26' title='bbox 785 699 930 757; x_wconf 79' lang='lat' dir='ltr'><strong>inmemor</strong></span> 
     </span>
    </p>

    <p class='ocr_par' dir='ltr' id='par_1_5' title="bbox 206 781 1208 944">
     <span class='ocr_line' id='line_1_5' title="bbox 240 781 1208 862; baseline -0.004 -17"><span class='ocrx_word' id='word_1_27' title='bbox 240 786 299 845; x_wconf 92' lang='lat' dir='ltr'><strong>leui</strong></span> <span class='ocrx_word' id='word_1_28' title='bbox 316 802 455 844; x_wconf 90' lang='lat' dir='ltr'><strong>canoram</strong></span> <span class='ocrx_word' id='word_1_29' title='bbox 472 781 635 843; x_wconf 89' lang='lat' dir='ltr'><strong>uerberans</strong></span> <span class='ocrx_word' id='word_1_30' title='bbox 650 782 764 861; x_wconf 86' lang='lat' dir='ltr'><strong>plectro</strong></span> <span class='ocrx_word' id='word_1_31' title='bbox 781 782 897 862; x_wconf 79' lang='lat' dir='ltr'><strong>chelyn.</strong></span> <span class='ocrx_word' id='word_1_32' title='bbox 1172 792 1208 841; x_wconf 77' lang='lat' dir='ltr'><strong>tet</strong></span> 
     </span>
     <span class='ocr_line' id='line_1_6' title="bbox 206 866 1158 944; baseline 0 -15"><span class='ocrx_word' id='word_1_33' title='bbox 206 870 238 929; x_wconf 79' lang='lat' dir='ltr'><strong>o&#39;&#39;</strong></span> <span class='ocrx_word' id='word_1_34' title='bbox 281 882 408 927; x_wconf 78' lang='lat' dir='ltr'><strong>PYRRH.</strong></span> <span class='ocrx_word' id='word_1_35' title='bbox 425 868 525 927; x_wconf 87' lang='lat' dir='ltr'><strong>Tunc</strong></span> <span class='ocrx_word' id='word_1_36' title='bbox 540 885 665 944; x_wconf 85' lang='lat' dir='ltr'><strong>magnus</strong></span> <span class='ocrx_word' id='word_1_37' title='bbox 676 866 787 926; x_wconf 87' lang='lat' dir='ltr'><strong>llector</strong></span> <span class='ocrx_word' id='word_1_38' title='bbox 802 885 884 928; x_wconf 90' lang='lat' dir='ltr'><strong>arma</strong></span> <span class='ocrx_word' id='word_1_39' title='bbox 899 875 1098 929; x_wconf 85' lang='lat' dir='ltr'><strong>contemnens</strong></span> <span class='ocrx_word' id='word_1_40' title='bbox 1114 877 1158 929; x_wconf 90' lang='lat' dir='ltr'><strong>tua</strong></span> 
     </span>
    </p>

    <p class='ocr_par' dir='ltr' id='par_1_6' title="bbox 240 952 898 1014">
     <span class='ocr_line' id='line_1_7' title="bbox 240 952 898 1014; baseline -0.006 0"><span class='ocrx_word' id='word_1_41' title='bbox 240 962 344 1014; x_wconf 86' lang='lat' dir='ltr'><strong>cautus</strong></span> <span class='ocrx_word' id='word_1_42' title='bbox 359 952 480 1013; x_wconf 79' lang='lat' dir='ltr'><strong>Achillis</strong></span> <span class='ocrx_word' id='word_1_43' title='bbox 496 953 619 1011; x_wconf 84' lang='lat' dir='ltr'><strong>timuit</strong></span> <span class='ocrx_word' id='word_1_44' title='bbox 634 959 663 1011; x_wconf 91' lang='lat' dir='ltr'><strong>et</strong></span> <span class='ocrx_word' id='word_1_45' title='bbox 678 960 758 1011; x_wconf 87' lang='lat' dir='ltr'><strong>tanto</strong></span> <span class='ocrx_word' id='word_1_46' title='bbox 775 953 804 1010; x_wconf 90' lang='lat' dir='ltr'><strong>in</strong></span> <span class='ocrx_word' id='word_1_47' title='bbox 821 959 898 1011; x_wconf 90' lang='lat' dir='ltr'><strong>metu</strong></span> 
     </span>
    </p>

    <p class='ocr_par' dir='ltr' id='par_1_7' title="bbox 239 1036 876 1115">
     <span class='ocr_line' id='line_1_8' title="bbox 239 1036 876 1115; baseline -0.002 -17"><span class='ocrx_word' id='word_1_48' title='bbox 239 1038 394 1098; x_wconf 83' lang='lat' dir='ltr'><strong>naualibus</strong></span> <span class='ocrx_word' id='word_1_49' title='bbox 410 1055 477 1115; x_wconf 82' lang='lat' dir='ltr'><strong>pax</strong></span> <span class='ocrx_word' id='word_1_50' title='bbox 493 1036 566 1096; x_wconf 87' lang='lat' dir='ltr'><strong>alla</strong></span> <span class='ocrx_word' id='word_1_51' title='bbox 583 1036 798 1097; x_wconf 79' lang='lat' dir='ltr'><strong>thessalicis</strong></span> <span class='ocrx_word' id='word_1_52' title='bbox 815 1037 876 1097; x_wconf 86' lang='lat' dir='ltr'><strong>luit.</strong></span> 
     </span>
    </p>

    <p class='ocr_par' dir='ltr' id='par_1_8' title="bbox 239 1119 1078 1199">
     <span class='ocr_line' id='line_1_9' title="bbox 239 1119 1078 1199; baseline 0.001 -17"><span class='ocrx_word' id='word_1_53' title='bbox 239 1136 349 1183; x_wconf 78' lang='lat' dir='ltr'><em>AGAM.</em></span> <span class='ocrx_word' id='word_1_54' title='bbox 374 1140 480 1199; x_wconf 82' lang='lat' dir='ltr'>nempe</span> <span class='ocrx_word' id='word_1_55' title='bbox 497 1121 589 1181; x_wconf 89' lang='lat' dir='ltr'><strong>isdem</strong></span> <span class='ocrx_word' id='word_1_56' title='bbox 606 1123 714 1180; x_wconf 90' lang='lat' dir='ltr'><strong>inistis</strong></span> <span class='ocrx_word' id='word_1_57' title='bbox 730 1119 901 1180; x_wconf 79' lang='lat' dir='ltr'><strong>Thessali</strong></span> <span class='ocrx_word' id='word_1_58' title='bbox 918 1122 1078 1183; x_wconf 85' lang='lat' dir='ltr'><strong>naualibus</strong></span> 
     </span>
    </p>

    <p class='ocr_par' dir='ltr' id='par_1_9' title="bbox 239 1205 1209 1287">
     <span class='ocr_line' id='line_1_10' title="bbox 239 1205 1209 1287; baseline -0.003 -20"><span class='ocrx_word' id='word_1_59' title='bbox 239 1227 307 1287; x_wconf 84' lang='lat' dir='ltr'><strong>pax</strong></span> <span class='ocrx_word' id='word_1_60' title='bbox 325 1205 397 1267; x_wconf 90' lang='lat' dir='ltr'><strong>alta</strong></span> <span class='ocrx_word' id='word_1_61' title='bbox 414 1222 520 1266; x_wconf 86' lang='lat' dir='ltr'><strong>rursus</strong></span> <span class='ocrx_word' id='word_1_62' title='bbox 535 1205 671 1266; x_wconf 81' lang='lat' dir='ltr'><strong>Hectoris</strong></span> <span class='ocrx_word' id='word_1_63' title='bbox 686 1207 763 1282; x_wconf 84' lang='lat' dir='ltr'><strong>patri</strong></span> <span class='ocrx_word' id='word_1_64' title='bbox 778 1205 843 1266; x_wconf 86' lang='lat' dir='ltr'><strong>luit.</strong></span> <span class='ocrx_word' id='word_1_65' title='bbox 1173 1213 1209 1264; x_wconf 73' lang='lat' dir='ltr'><strong>ati</strong></span> 
     </span>
    </p>
   </div>
   <div class='ocr_carea' id='block_1_4' title="bbox 178 1374 1210 3231">
    <p class='ocr_par' dir='ltr' id='par_1_10' title="bbox 205 1374 1041 1537">
     <span class='ocr_line' id='line_1_11' title="bbox 205 1374 1032 1452; baseline -0.002 -16"><span class='ocrx_word' id='word_1_66' title='bbox 205 1403 221 1437; x_wconf 81' lang='lat' dir='ltr'><strong>a</strong></span> <span class='ocrx_word' id='word_1_67' title='bbox 282 1389 409 1436; x_wconf 76' lang='lat' dir='ltr'><strong>PYRRH.</strong></span> <span class='ocrx_word' id='word_1_68' title='bbox 433 1375 484 1435; x_wconf 85' lang='lat' dir='ltr'><strong>Est</strong></span> <span class='ocrx_word' id='word_1_69' title='bbox 499 1376 600 1452; x_wconf 83' lang='lat' dir='ltr'><strong>regis</strong></span> <span class='ocrx_word' id='word_1_70' title='bbox 615 1375 665 1435; x_wconf 92' lang='lat' dir='ltr'><strong>alti</strong></span> <span class='ocrx_word' id='word_1_71' title='bbox 681 1375 856 1451; x_wconf 90' lang='lat' dir='ltr'><strong>spiritum</strong></span> <span class='ocrx_word' id='word_1_72' title='bbox 872 1376 935 1452; x_wconf 83' lang='lat' dir='ltr'><strong>regi</strong></span> <span class='ocrx_word' id='word_1_73' title='bbox 951 1374 1032 1435; x_wconf 84' lang='lat' dir='ltr'><strong>tlare.</strong></span> 
     </span>
     <span class='ocr_line' id='line_1_12' title="bbox 236 1458 1041 1537; baseline 0 -17"><span class='ocrx_word' id='word_1_74' title='bbox 236 1458 346 1521; x_wconf 59' lang='lat' dir='ltr'><strong>Auum.</strong></span> <span class='ocrx_word' id='word_1_75' title='bbox 371 1478 424 1521; x_wconf 89' lang='lat' dir='ltr'><strong>cur</strong></span> <span class='ocrx_word' id='word_1_76' title='bbox 441 1461 542 1520; x_wconf 84' lang='lat' dir='ltr'><strong>dextra</strong></span> <span class='ocrx_word' id='word_1_77' title='bbox 559 1460 642 1535; x_wconf 85' lang='lat' dir='ltr'><strong>regi</strong></span> <span class='ocrx_word' id='word_1_78' title='bbox 658 1461 833 1537; x_wconf 85' lang='lat' dir='ltr'><strong>spiritum</strong></span> <span class='ocrx_word' id='word_1_79' title='bbox 849 1461 957 1537; x_wconf 89' lang='lat' dir='ltr'><strong>eripuit</strong></span> <span class='ocrx_word' id='word_1_80' title='bbox 973 1461 1041 1520; x_wconf 74' lang='lat' dir='ltr'><strong>tua?</strong></span> 
     </span>
    </p>

    <p class='ocr_par' dir='ltr' id='par_1_11' title="bbox 205 1545 1156 1706">
     <span class='ocr_line' id='line_1_13' title="bbox 205 1545 1156 1622; baseline -0.002 -16"><span class='ocrx_word' id='word_1_81' title='bbox 205 1546 230 1606; x_wconf 82' lang='lat' dir='ltr'><strong>a&#39;</strong></span> <span class='ocrx_word' id='word_1_82' title='bbox 282 1557 409 1604; x_wconf 73' lang='lat' dir='ltr'>PYRRH.</span> <span class='ocrx_word' id='word_1_83' title='bbox 433 1545 557 1604; x_wconf 84' lang='lat' dir='ltr'><strong>Mortem</strong></span> <span class='ocrx_word' id='word_1_84' title='bbox 573 1545 793 1607; x_wconf 76' lang='lat' dir='ltr'><strong>misericors</strong></span> <span class='ocrx_word' id='word_1_85' title='bbox 813 1562 902 1622; x_wconf 84' lang='lat' dir='ltr'><strong>saepe</strong></span> <span class='ocrx_word' id='word_1_86' title='bbox 917 1561 972 1620; x_wconf 88' lang='lat' dir='ltr'><strong>pro</strong></span> <span class='ocrx_word' id='word_1_87' title='bbox 988 1546 1050 1603; x_wconf 89' lang='lat' dir='ltr'><strong>uita</strong></span> <span class='ocrx_word' id='word_1_88' title='bbox 1069 1546 1156 1606; x_wconf 72' lang='lat' dir='ltr'><strong>(labit.</strong></span> 
     </span>
     <span class='ocr_line' id='line_1_14' title="bbox 237 1627 1098 1706; baseline 0.001 -17"><span class='ocrx_word' id='word_1_89' title='bbox 237 1643 347 1689; x_wconf 76' lang='lat' dir='ltr'><em>AGAM.</em></span> <span class='ocrx_word' id='word_1_90' title='bbox 372 1637 401 1688; x_wconf 90' lang='lat' dir='ltr'><strong>et</strong></span> <span class='ocrx_word' id='word_1_91' title='bbox 416 1647 495 1689; x_wconf 85' lang='lat' dir='ltr'><strong>nunc</strong></span> <span class='ocrx_word' id='word_1_92' title='bbox 511 1630 731 1689; x_wconf 82' lang='lat' dir='ltr'><strong>misericors</strong></span> <span class='ocrx_word' id='word_1_93' title='bbox 748 1629 877 1704; x_wconf 86' lang='lat' dir='ltr'><strong>uirgines</strong></span> <span class='ocrx_word' id='word_1_94' title='bbox 893 1627 979 1688; x_wconf 90' lang='lat' dir='ltr'><strong>buslo</strong></span> <span class='ocrx_word' id='word_1_95' title='bbox 997 1632 1098 1706; x_wconf 75' lang='lat' dir='ltr'><strong>petis?</strong></span> 
     </span>
    </p>

    <p class='ocr_par' dir='ltr' id='par_1_12' title="bbox 202 1711 1208 1876">
     <span class='ocr_line' id='line_1_15' title="bbox 202 1711 1208 1789; baseline -0.005 -13"><span class='ocrx_word' id='word_1_96' title='bbox 202 1743 219 1776; x_wconf 83' lang='lat' dir='ltr'><strong>a</strong></span> <span class='ocrx_word' id='word_1_97' title='bbox 281 1727 406 1772; x_wconf 75' lang='lat' dir='ltr'>PYRRH.</span> <span class='ocrx_word' id='word_1_98' title='bbox 430 1714 529 1774; x_wconf 85' lang='lat' dir='ltr'><strong>Iamne</strong></span> <span class='ocrx_word' id='word_1_99' title='bbox 545 1711 680 1772; x_wconf 85' lang='lat' dir='ltr'><strong>inmolari</strong></span> <span class='ocrx_word' id='word_1_100' title='bbox 697 1713 827 1789; x_wconf 83' lang='lat' dir='ltr'><strong>uirgines</strong></span> <span class='ocrx_word' id='word_1_101' title='bbox 843 1712 939 1772; x_wconf 89' lang='lat' dir='ltr'><strong>credis</strong></span> <span class='ocrx_word' id='word_1_102' title='bbox 956 1713 1059 1773; x_wconf 78' lang='lat' dir='ltr'><strong>netas?</strong></span> <span class='ocrx_word' id='word_1_103' title='bbox 1172 1724 1208 1771; x_wconf 70' lang='grc'><strong>34»</strong></span> 
     </span>
     <span class='ocr_line' id='line_1_16' title="bbox 234 1796 1008 1876; baseline -0.003 -18"><span class='ocrx_word' id='word_1_104' title='bbox 234 1812 343 1859; x_wconf 76' lang='lat' dir='ltr'><em>AGAM.</em></span> <span class='ocrx_word' id='word_1_105' title='bbox 367 1798 520 1876; x_wconf 83' lang='lat' dir='ltr'><strong>praeferre</strong></span> <span class='ocrx_word' id='word_1_106' title='bbox 535 1800 662 1876; x_wconf 84' lang='lat' dir='ltr'><strong>patriam</strong></span> <span class='ocrx_word' id='word_1_107' title='bbox 679 1796 779 1857; x_wconf 88' lang='lat' dir='ltr'><strong>liberis</strong></span> <span class='ocrx_word' id='word_1_108' title='bbox 795 1815 896 1873; x_wconf 83' lang='lat' dir='ltr'><strong>regem</strong></span> <span class='ocrx_word' id='word_1_109' title='bbox 913 1797 1008 1857; x_wconf 87' lang='lat' dir='ltr'><strong>decet.</strong></span> 
     </span>
    </p>

    <p class='ocr_par' dir='ltr' id='par_1_13' title="bbox 202 1877 1156 2046">
     <span class='ocr_line' id='line_1_17' title="bbox 202 1877 1156 1962; baseline -0.002 -17"><span class='ocrx_word' id='word_1_110' title='bbox 202 1888 227 1945; x_wconf 84' lang='lat' dir='ltr'><strong>a&#39;</strong></span> <span class='ocrx_word' id='word_1_111' title='bbox 279 1897 405 1942; x_wconf 77' lang='lat' dir='ltr'><strong>PYRRH.</strong></span> <span class='ocrx_word' id='word_1_112' title='bbox 430 1883 500 1943; x_wconf 85' lang='lat' dir='ltr'><strong>Lex</strong></span> <span class='ocrx_word' id='word_1_113' title='bbox 516 1881 595 1942; x_wconf 88' lang='lat' dir='ltr'><strong>nulla</strong></span> <span class='ocrx_word' id='word_1_114' title='bbox 613 1893 698 1959; x_wconf 89' lang='lat' dir='ltr'><strong>capto</strong></span> <span class='ocrx_word' id='word_1_115' title='bbox 714 1877 810 1960; x_wconf 87' lang='lat' dir='ltr'><strong>parcit</strong></span> <span class='ocrx_word' id='word_1_116' title='bbox 825 1890 875 1941; x_wconf 90' lang='lat' dir='ltr'><strong>aut</strong></span> <span class='ocrx_word' id='word_1_117' title='bbox 891 1900 1016 1960; x_wconf 77' lang='lat' dir='ltr'><strong>poenam</strong></span> <span class='ocrx_word' id='word_1_118' title='bbox 1032 1885 1156 1962; x_wconf 77' lang='lat' dir='ltr'><strong>inpedit.</strong></span> 
     </span>
     <span class='ocr_line' id='line_1_18' title="bbox 234 1966 1086 2046; baseline 0 -19"><span class='ocrx_word' id='word_1_119' title='bbox 234 1981 344 2028; x_wconf 73' lang='lat' dir='ltr'><strong>auam.</strong></span> <span class='ocrx_word' id='word_1_120' title='bbox 368 1968 449 2046; x_wconf 82' lang='lat' dir='ltr'><strong>quod</strong></span> <span class='ocrx_word' id='word_1_121' title='bbox 464 1985 524 2027; x_wconf 86' lang='lat' dir='ltr'><strong>hoo</strong></span> <span class='ocrx_word' id='word_1_122' title='bbox 541 1976 620 2027; x_wconf 87' lang='lat' dir='ltr'><strong>uetat</strong></span> <span class='ocrx_word' id='word_1_123' title='bbox 636 1966 708 2034; x_wconf 86' lang='lat' dir='ltr'><strong>lex,</strong></span> <span class='ocrx_word' id='word_1_124' title='bbox 726 1967 784 2026; x_wconf 89' lang='lat' dir='ltr'><strong>hoc</strong></span> <span class='ocrx_word' id='word_1_125' title='bbox 800 1975 879 2026; x_wconf 86' lang='lat' dir='ltr'><strong>uetat</strong></span> <span class='ocrx_word' id='word_1_126' title='bbox 893 1967 956 2025; x_wconf 86' lang='lat' dir='ltr'><strong>lieri</strong></span> <span class='ocrx_word' id='word_1_127' title='bbox 974 1967 1086 2044; x_wconf 84' lang='lat' dir='ltr'><strong>pudor.</strong></span> 
     </span>
    </p>

    <p class='ocr_par' dir='ltr' id='par_1_14' title="bbox 201 2049 1209 2198">
     <span class='ocr_line' id='line_1_19' title="bbox 201 2049 1154 2128; baseline -0.001 -14"><span class='ocrx_word' id='word_1_128' title='bbox 201 2055 233 2114; x_wconf 83' lang='lat' dir='ltr'><strong>a&#39;‘</strong></span> <span class='ocrx_word' id='word_1_129' title='bbox 277 2066 403 2111; x_wconf 75' lang='lat' dir='ltr'><strong>PYRRH.</strong></span> <span class='ocrx_word' id='word_1_130' title='bbox 429 2052 642 2128; x_wconf 84' lang='lat' dir='ltr'><strong>Quodcumque</strong></span> <span class='ocrx_word' id='word_1_131' title='bbox 657 2049 771 2111; x_wconf 88' lang='lat' dir='ltr'><strong>libuit</strong></span> <span class='ocrx_word' id='word_1_132' title='bbox 792 2052 890 2111; x_wconf 86' lang='lat' dir='ltr'><strong>lacere</strong></span> <span class='ocrx_word' id='word_1_133' title='bbox 907 2052 1028 2117; x_wconf 87' lang='lat' dir='ltr'><strong>uictori,</strong></span> <span class='ocrx_word' id='word_1_134' title='bbox 1054 2051 1154 2113; x_wconf 88' lang='lat' dir='ltr'><strong>licet.</strong></span> 
     </span>
     <span class='ocr_line' id='line_1_20' title="bbox 234 2134 1209 2198; baseline -0.004 0"><span class='ocrx_word' id='word_1_135' title='bbox 234 2151 344 2198; x_wconf 72' lang='lat' dir='ltr'><em>AGAM.</em></span> <span class='ocrx_word' id='word_1_136' title='bbox 369 2138 521 2196; x_wconf 86' lang='lat' dir='ltr'><strong>minimum</strong></span> <span class='ocrx_word' id='word_1_137' title='bbox 539 2137 623 2196; x_wconf 89' lang='lat' dir='ltr'><strong>decet</strong></span> <span class='ocrx_word' id='word_1_138' title='bbox 639 2135 759 2196; x_wconf 89' lang='lat' dir='ltr'><strong>libere</strong></span> <span class='ocrx_word' id='word_1_139' title='bbox 776 2137 826 2197; x_wconf 83' lang='lat' dir='ltr'><strong>cui</strong></span> <span class='ocrx_word' id='word_1_140' title='bbox 839 2134 963 2196; x_wconf 88' lang='lat' dir='ltr'><strong>multum</strong></span> <span class='ocrx_word' id='word_1_141' title='bbox 980 2134 1085 2197; x_wconf 85' lang='lat' dir='ltr'><strong>licet.</strong></span> <span class='ocrx_word' id='word_1_142' title='bbox 1171 2144 1209 2194; x_wconf 71' lang='grc'><strong>345</strong></span> 
     </span>
    </p>

    <p class='ocr_par' dir='ltr' id='par_1_15' title="bbox 199 2219 1174 2384">
     <span class='ocr_line' id='line_1_21' title="bbox 199 2219 1174 2299; baseline 0 -16"><span class='ocrx_word' id='word_1_143' title='bbox 199 2234 216 2283; x_wconf 87' lang='lat' dir='ltr'>b</span> <span class='ocrx_word' id='word_1_144' title='bbox 278 2235 403 2282; x_wconf 74' lang='lat' dir='ltr'>PYRRH.</span> <span class='ocrx_word' id='word_1_145' title='bbox 428 2222 479 2281; x_wconf 86' lang='lat' dir='ltr'><strong>llis</strong></span> <span class='ocrx_word' id='word_1_146' title='bbox 496 2223 549 2280; x_wconf 91' lang='lat' dir='ltr'><strong>ista</strong></span> <span class='ocrx_word' id='word_1_147' title='bbox 565 2223 654 2281; x_wconf 88' lang='lat' dir='ltr'><strong>iactas</strong></span> <span class='ocrx_word' id='word_1_148' title='bbox 671 2239 744 2298; x_wconf 91' lang='lat' dir='ltr'><strong>quos</strong></span> <span class='ocrx_word' id='word_1_149' title='bbox 760 2219 862 2280; x_wconf 74' lang='lat' dir='ltr'><strong>elecem</strong></span> <span class='ocrx_word' id='word_1_150' title='bbox 879 2237 1026 2280; x_wconf 87' lang='lat' dir='ltr'><strong>annorum</strong></span> <span class='ocrx_word' id='word_1_151' title='bbox 1043 2225 1131 2299; x_wconf 85' lang='lat' dir='ltr'><strong>graui</strong></span> <span class='ocrx_word' id='word_1_152' title='bbox 1170 2235 1174 2245; x_wconf 90' lang='lat'>&#39;</span> 
     </span>
     <span class='ocr_line' id='line_1_22' title="bbox 234 2304 874 2384; baseline -0.008 -17"><span class='ocrx_word' id='word_1_153' title='bbox 234 2325 327 2384; x_wconf 86' lang='lat' dir='ltr'><strong>regno</strong></span> <span class='ocrx_word' id='word_1_154' title='bbox 344 2305 481 2366; x_wconf 89' lang='lat' dir='ltr'><strong>subactos</strong></span> <span class='ocrx_word' id='word_1_155' title='bbox 498 2305 628 2383; x_wconf 75' lang='lat' dir='ltr'><strong>Pyrrhus</strong></span> <span class='ocrx_word' id='word_1_156' title='bbox 645 2304 771 2365; x_wconf 85' lang='lat' dir='ltr'><strong>exsoluit</strong></span> <span class='ocrx_word' id='word_1_157' title='bbox 787 2305 874 2381; x_wconf 76' lang='lat' dir='ltr'><strong>iugo?</strong></span> 
     </span>
    </p>

    <p class='ocr_par' dir='ltr' id='par_1_16' title="bbox 198 2390 1153 2720">
     <span class='ocr_line' id='line_1_23' title="bbox 198 2390 1054 2468; baseline -0.005 -16"><span class='ocrx_word' id='word_1_158' title='bbox 198 2394 225 2452; x_wconf 89' lang='lat' dir='ltr'><strong>b&#39;</strong></span> <span class='ocrx_word' id='word_1_159' title='bbox 275 2404 383 2452; x_wconf 70' lang='lat' dir='ltr'><strong>Auum.</strong></span> <span class='ocrx_word' id='word_1_160' title='bbox 408 2390 779 2468; x_wconf 73' lang='lat' dir='ltr'><strong>HosScyrusanimoS...</strong></span> <span class='ocrx_word' id='word_1_161' title='bbox 1051 2442 1054 2449; x_wconf 78' lang='grc'><strong>.</strong></span> 
     </span>
     <span class='ocr_line' id='line_1_24' title="bbox 232 2472 1153 2551; baseline 0.001 -16"><span class='ocrx_word' id='word_1_162' title='bbox 232 2489 357 2536; x_wconf 73' lang='lat' dir='ltr'>PYRRH.</span> <span class='ocrx_word' id='word_1_163' title='bbox 698 2472 814 2534; x_wconf 90' lang='lat' dir='ltr'><strong>scelere</strong></span> <span class='ocrx_word' id='word_1_164' title='bbox 826 2491 901 2551; x_wconf 87' lang='lat' dir='ltr'><strong>quae</strong></span> <span class='ocrx_word' id='word_1_165' title='bbox 918 2475 1044 2534; x_wconf 79' lang='lat' dir='ltr'><strong>fratrum</strong></span> <span class='ocrx_word' id='word_1_166' title='bbox 1063 2484 1153 2537; x_wconf 85' lang='lat' dir='ltr'><strong>caret.</strong></span> 
     </span>
     <span class='ocr_line' id='line_1_25' title="bbox 232 2557 617 2621; baseline -0.013 -1"><span class='ocrx_word' id='word_1_167' title='bbox 232 2574 342 2621; x_wconf 75' lang='lat' dir='ltr'><em>AGAM.</em></span> <span class='ocrx_word' id='word_1_168' title='bbox 380 2557 617 2620; x_wconf 75' lang='lat' dir='ltr'><strong>inclusalloctui</strong></span> 
     </span>
     <span class='ocr_line' id='line_1_26' title="bbox 232 2643 1010 2720; baseline 0 -16"><span class='ocrx_word' id='word_1_169' title='bbox 232 2658 358 2705; x_wconf 70' lang='lat' dir='ltr'><strong>Prusia.</strong></span> <span class='ocrx_word' id='word_1_170' title='bbox 651 2661 759 2720; x_wconf 83' lang='lat' dir='ltr'><strong>nempe</strong></span> <span class='ocrx_word' id='word_1_171' title='bbox 776 2643 892 2717; x_wconf 83' lang='lat' dir='ltr'><strong>cognati</strong></span> <span class='ocrx_word' id='word_1_172' title='bbox 908 2643 1010 2704; x_wconf 88' lang='lat' dir='ltr'><strong>maris.</strong></span> 
     </span>
    </p>

    <p class='ocr_par' dir='ltr' id='par_1_17' title="bbox 198 2729 1024 2804">
     <span class='ocr_line' id='line_1_27' title="bbox 198 2729 1024 2804; baseline -0.002 -15"><span class='ocrx_word' id='word_1_173' title='bbox 198 2729 232 2788; x_wconf 86' lang='lat' dir='ltr'><strong>b&#39;&#39;</strong></span> <span class='ocrx_word' id='word_1_174' title='bbox 275 2731 373 2804; x_wconf 70' lang='lat' dir='ltr'><strong>Ayam</strong></span> <span class='ocrx_word' id='word_1_175' title='bbox 377 2773 1024 2788; x_wconf 89' lang='grc'>.............</span> 
     </span>
    </p>

    <p class='ocr_par' dir='ltr' id='par_1_18' title="bbox 178 2811 1210 2899">
     <span class='ocr_line' id='line_1_28' title="bbox 178 2811 1210 2899; baseline -0.005 -25"><span class='ocrx_word' id='word_1_176' title='bbox 178 2885 188 2899; x_wconf 88' lang='lat'><strong><em>.</em></strong></span> <span class='ocrx_word' id='word_1_177' title='bbox 231 2816 344 2892; x_wconf 78' lang='lat' dir='ltr'><strong>Pyrrh.</strong></span> <span class='ocrx_word' id='word_1_178' title='bbox 369 2816 450 2873; x_wconf 83' lang='lat' dir='ltr'><strong>Atrei</strong></span> <span class='ocrx_word' id='word_1_179' title='bbox 466 2821 494 2873; x_wconf 91' lang='lat' dir='ltr'><strong>et</strong></span> <span class='ocrx_word' id='word_1_180' title='bbox 509 2812 653 2890; x_wconf 77' lang='lat' dir='ltr'><strong>Thyestae</strong></span> <span class='ocrx_word' id='word_1_181' title='bbox 669 2811 797 2871; x_wconf 83' lang='lat' dir='ltr'><strong>nobilem</strong></span> <span class='ocrx_word' id='word_1_182' title='bbox 814 2812 883 2871; x_wconf 86' lang='lat' dir='ltr'><strong>noui</strong></span> <span class='ocrx_word' id='word_1_183' title='bbox 900 2811 1033 2871; x_wconf 89' lang='lat' dir='ltr'><strong>domum.</strong></span> <span class='ocrx_word' id='word_1_184' title='bbox 1170 2822 1210 2869; x_wconf 77' lang='lat' dir='ltr'><strong>eat</strong></span> 
     </span>
    </p>

    <p class='ocr_par' dir='ltr' id='par_1_19' title="bbox 197 2897 1022 3043">
     <span class='ocr_line' id='line_1_29' title="bbox 197 2897 1022 2975; baseline -0.002 -17"><span class='ocrx_word' id='word_1_185' title='bbox 197 2908 213 2958; x_wconf 84' lang='lat' dir='ltr'><strong>h</strong></span> <span class='ocrx_word' id='word_1_186' title='bbox 276 2911 384 2958; x_wconf 73' lang='lat' dir='ltr'><em>AGAM.</em></span> <span class='ocrx_word' id='word_1_187' title='bbox 422 2898 465 2958; x_wconf 83' lang='lat' dir='ltr'><strong>Ex</strong></span> <span class='ocrx_word' id='word_1_188' title='bbox 481 2897 603 2973; x_wconf 84' lang='lat' dir='ltr'><strong>uirginis</strong></span> <span class='ocrx_word' id='word_1_189' title='bbox 619 2904 761 2975; x_wconf 85' lang='lat' dir='ltr'><strong>concepte</strong></span> <span class='ocrx_word' id='word_1_190' title='bbox 777 2897 887 2956; x_wconf 86' lang='lat' dir='ltr'><strong>lortiuo</strong></span> <span class='ocrx_word' id='word_1_191' title='bbox 903 2903 1022 2972; x_wconf 83' lang='lat' dir='ltr'><strong>stupro.</strong></span> 
     </span>
     <span class='ocr_line' id='line_1_30' title="bbox 231 2981 859 3043; baseline -0.006 0"><span class='ocrx_word' id='word_1_192' title='bbox 231 2991 261 3043; x_wconf 89' lang='lat' dir='ltr'><strong>et</strong></span> <span class='ocrx_word' id='word_1_193' title='bbox 276 3002 317 3042; x_wconf 86' lang='lat' dir='ltr'><strong>ex</strong></span> <span class='ocrx_word' id='word_1_194' title='bbox 332 2982 479 3043; x_wconf 77' lang='lat' dir='ltr'><strong>Achille</strong></span> <span class='ocrx_word' id='word_1_195' title='bbox 496 2989 562 3042; x_wconf 89' lang='lat' dir='ltr'><strong>nale</strong></span> <span class='ocrx_word' id='word_1_196' title='bbox 579 2981 630 3041; x_wconf 89' lang='lat' dir='ltr'><strong>sed</strong></span> <span class='ocrx_word' id='word_1_197' title='bbox 647 2982 778 3041; x_wconf 88' lang='lat' dir='ltr'><strong>nondum</strong></span> <span class='ocrx_word' id='word_1_198' title='bbox 796 2981 859 3040; x_wconf 94' lang='lat' dir='ltr'><strong>uiro</strong></span> 
     </span>
    </p>

    <p class='ocr_par' dir='ltr' id='par_1_20' title="bbox 196 3064 1153 3231">
     <span class='ocr_line' id='line_1_31' title="bbox 196 3064 1153 3141; baseline -0.002 -12"><span class='ocrx_word' id='word_1_199' title='bbox 196 3071 223 3129; x_wconf 83' lang='lat' dir='ltr'><strong>b&#39;</strong></span> <span class='ocrx_word' id='word_1_200' title='bbox 274 3075 403 3127; x_wconf 74' lang='lat' dir='ltr'><strong>PYRRH.&#39;</strong></span> <span class='ocrx_word' id='word_1_201' title='bbox 425 3067 492 3127; x_wconf 94' lang='lat' dir='ltr'><strong>lllo</strong></span> <span class='ocrx_word' id='word_1_202' title='bbox 514 3086 554 3126; x_wconf 88' lang='lat' dir='ltr'><strong>ex</strong></span> <span class='ocrx_word' id='word_1_203' title='bbox 577 3064 722 3126; x_wconf 79' lang='lat' dir='ltr'><strong>Achille</strong></span> <span class='ocrx_word' id='word_1_204' title='bbox 744 3082 854 3141; x_wconf 84' lang='lat' dir='ltr'><strong>genere</strong></span> <span class='ocrx_word' id='word_1_205' title='bbox 870 3065 920 3141; x_wconf 84' lang='lat' dir='ltr'><strong>qui</strong></span> <span class='ocrx_word' id='word_1_206' title='bbox 936 3066 1082 3126; x_wconf 87' lang='lat' dir='ltr'><strong>mundum</strong></span> <span class='ocrx_word' id='word_1_207' title='bbox 1098 3085 1153 3128; x_wconf 85' lang='lat' dir='ltr'><strong>suo</strong></span> 
     </span>
     <span class='ocr_line' id='line_1_32' title="bbox 231 3150 921 3231; baseline -0.004 -20"><span class='ocrx_word' id='word_1_208' title='bbox 231 3169 352 3231; x_wconf 87' lang='lat' dir='ltr'><strong>sparsus</strong></span> <span class='ocrx_word' id='word_1_209' title='bbox 366 3170 420 3229; x_wconf 82' lang='lat' dir='ltr'><strong>per</strong></span> <span class='ocrx_word' id='word_1_210' title='bbox 436 3171 523 3212; x_wconf 87' lang='lat' dir='ltr'><strong>omne</strong></span> <span class='ocrx_word' id='word_1_211' title='bbox 540 3150 675 3211; x_wconf 88' lang='lat' dir='ltr'><strong>caelitum</strong></span> <span class='ocrx_word' id='word_1_212' title='bbox 692 3169 817 3228; x_wconf 84' lang='lat' dir='ltr'><strong>regrmm</strong></span> <span class='ocrx_word' id='word_1_213' title='bbox 834 3157 921 3210; x_wconf 83' lang='lat' dir='ltr'><strong>terret.</strong></span> 
     </span>
    </p>
   </div>
   <div class='ocr_carea' id='block_1_5' title="bbox 229 3307 429 3316">
    <p class='ocr_par' dir='ltr' id='par_1_21' title="bbox 229 3307 429 3316">
     <span class='ocr_line' id='line_1_33' title="bbox 229 3307 429 3316; baseline -0.01 0"><span class='ocrx_word' id='word_1_214' title='bbox 229 3307 429 3316; x_wconf 53' lang='lat' dir='ltr'><strong>m—</strong></span> 
     </span>
    </p>
   </div>
   <div class='ocr_carea' id='block_1_6' title="bbox 228 3381 1152 3655">
    <p class='ocr_par' dir='ltr' id='par_1_22' title="bbox 228 3381 1152 3655">
     <span class='ocr_line' id='line_1_34' title="bbox 294 3381 1151 3454; baseline -0.002 -14"><span class='ocrx_word' id='word_1_215' title='bbox 294 3396 355 3454; x_wconf 81' lang='lat' dir='ltr'><strong>poet</strong></span> <span class='ocrx_word' id='word_1_216' title='bbox 372 3407 395 3439; x_wconf 86' lang='lat' dir='ltr'><strong>u.</strong></span> <span class='ocrx_word' id='word_1_217' title='bbox 409 3390 458 3439; x_wconf 77' lang='lat'><strong>327</strong></span> <span class='ocrx_word' id='word_1_218' title='bbox 477 3390 549 3437; x_wconf 71' lang='lat' dir='ltr'><strong>liniue</strong></span> <span class='ocrx_word' id='word_1_219' title='bbox 567 3403 656 3437; x_wconf 80' lang='lat' dir='ltr'><strong>uereor</strong></span> <span class='ocrx_word' id='word_1_220' title='bbox 669 3391 782 3436; x_wconf 81' lang='lat' dir='ltr'><strong>lacunam</strong></span> <span class='ocrx_word' id='word_1_221' title='bbox 794 3387 884 3435; x_wconf 80' lang='lat' dir='ltr'><strong>statuit</strong></span> <span class='ocrx_word' id='word_1_222' title='bbox 900 3385 952 3435; x_wconf 79' lang='lat' dir='ltr'><strong>GR.</strong></span> <span class='ocrx_word' id='word_1_223' title='bbox 966 3381 1151 3450; x_wconf 73' lang='lat' dir='ltr'><strong>{1328uaetas</strong></span> 
     </span>
     <span class='ocr_line' id='line_1_35' title="bbox 228 3450 1152 3523; baseline -0.001 -15"><span class='ocrx_word' id='word_1_224' title='bbox 228 3454 275 3523; x_wconf 67' lang='lat' dir='ltr'><strong>wll</strong></span> <span class='ocrx_word' id='word_1_225' title='bbox 292 3460 342 3508; x_wconf 86' lang='grc'><strong>334</strong></span> <span class='ocrx_word' id='word_1_226' title='bbox 360 3455 513 3505; x_wconf 84' lang='lat' dir='ltr'><strong>thessaliE</strong></span> <span class='ocrx_word' id='word_1_227' title='bbox 531 3455 663 3504; x_wconf 84' lang='lat' dir='ltr'><strong>thessalis</strong></span> <span class='ocrx_word' id='word_1_228' title='bbox 676 3456 699 3503; x_wconf 96' lang='lat' dir='ltr'><em>A</em></span> <span class='ocrx_word' id='word_1_229' title='bbox 713 3452 724 3519; x_wconf 87' lang='grc' dir='ltr'><strong>ΙΙ</strong></span> <span class='ocrx_word' id='word_1_230' title='bbox 741 3456 791 3503; x_wconf 88' lang='grc'><strong>339</strong></span> <span class='ocrx_word' id='word_1_231' title='bbox 809 3454 846 3501; x_wconf 82' lang='lat' dir='ltr'><strong>Et</strong></span> <span class='ocrx_word' id='word_1_232' title='bbox 866 3452 888 3500; x_wconf 83' lang='lat' dir='ltr'><em>E</em></span> <span class='ocrx_word' id='word_1_233' title='bbox 907 3454 984 3502; x_wconf 81' lang='lat' dir='ltr'><strong>AtA</strong></span> <span class='ocrx_word' id='word_1_234' title='bbox 1002 3450 1083 3520; x_wconf 78' lang='lat'>[1348</span> <span class='ocrx_word' id='word_1_235' title='bbox 1103 3456 1152 3520; x_wconf 75' lang='grc'><strong>8)·-</strong></span> 
     </span>
     <span class='ocr_line' id='line_1_36' title="bbox 229 3517 1150 3585; baseline 0.003 -15"><span class='ocrx_word' id='word_1_236' title='bbox 229 3538 275 3571; x_wconf 85' lang='lat' dir='ltr'><strong>rus</strong></span> <span class='ocrx_word' id='word_1_237' title='bbox 293 3524 318 3570; x_wconf 82' lang='lat' dir='ltr'><em>E</em></span> <span class='ocrx_word' id='word_1_238' title='bbox 336 3524 435 3585; x_wconf 81' lang='lat' dir='ltr'><strong>Scyros</strong></span> <span class='ocrx_word' id='word_1_239' title='bbox 454 3521 479 3570; x_wconf 94' lang='lat' dir='ltr'><em>A</em></span> <span class='ocrx_word' id='word_1_240' title='bbox 503 3517 514 3585; x_wconf 91' lang='grc' dir='ltr'><strong>ΙΙ</strong></span> <span class='ocrx_word' id='word_1_241' title='bbox 534 3528 594 3585; x_wconf 79' lang='lat' dir='ltr'><strong>poet</strong></span> <span class='ocrx_word' id='word_1_242' title='bbox 618 3539 642 3571; x_wconf 86' lang='lat' dir='ltr'><strong>o.</strong></span> <span class='ocrx_word' id='word_1_243' title='bbox 661 3523 711 3570; x_wconf 79' lang='grc'><strong>349</strong></span> <span class='ocrx_word' id='word_1_244' title='bbox 730 3522 923 3584; x_wconf 72' lang='lat' dir='ltr'><strong>Ayamenrnonie</strong></span> <span class='ocrx_word' id='word_1_245' title='bbox 941 3524 1084 3573; x_wconf 82' lang='lat' dir='ltr'><strong>orationem</strong></span> <span class='ocrx_word' id='word_1_246' title='bbox 1103 3540 1150 3573; x_wconf 64' lang='lat' dir='ltr'><strong>erc</strong></span> 
     </span>
     <span class='ocr_line' id='line_1_37' title="bbox 228 3582 1140 3655; baseline 0.009 -23"><span class='ocrx_word' id='word_1_247' title='bbox 228 3590 322 3637; x_wconf 73' lang='lat' dir='ltr'><strong>cidisse</strong></span> <span class='ocrx_word' id='word_1_248' title='bbox 339 3590 483 3637; x_wconf 60' lang='lat' dir='ltr'><strong>euemhalutt</strong></span> <span class='ocrx_word' id='word_1_249' title='bbox 500 3605 524 3635; x_wconf 83' lang='lat' dir='ltr'><strong>u.</strong></span> <span class='ocrx_word' id='word_1_250' title='bbox 543 3590 593 3637; x_wconf 78' lang='grc'><strong>350</strong></span> <span class='ocrx_word' id='word_1_251' title='bbox 611 3587 740 3637; x_wconf 82' lang='lat' dir='ltr'><strong>PYRRH.</strong></span> <span class='ocrx_word' id='word_1_252' title='bbox 759 3590 857 3638; x_wconf 76' lang='lat' dir='ltr'><strong>addidi.</strong></span> <span class='ocrx_word' id='word_1_253' title='bbox 871 3582 946 3653; x_wconf 71' lang='lat'>{1354</span> <span class='ocrx_word' id='word_1_254' title='bbox 964 3604 1073 3638; x_wconf 81' lang='lat' dir='ltr'><strong>omnem</strong></span> <span class='ocrx_word' id='word_1_255' title='bbox 1093 3607 1112 3640; x_wconf 85' lang='grc' dir='ltr'><strong>α</strong></span> <span class='ocrx_word' id='word_1_256' title='bbox 1128 3588 1140 3655; x_wconf 81' lang='grc' dir='ltr'><strong>ΙΙ</strong></span> 
     </span>
    </p>
   </div>
   <div class='ocr_carea' id='block_1_7' title="bbox 0 0 1256 4040">
    <p class='ocr_par' dir='ltr' id='par_1_23' title="bbox 0 0 1256 4040">
     <span class='ocr_line' id='line_1_38' title="bbox 0 0 1256 4040; baseline 0 0"><span class='ocrx_word' id='word_1_257' title='bbox 0 0 1256 4040; x_wconf 95' lang='lat' dir='ltr'><strong> </strong></span> 
     </span>
    </p>
   </div>
  </div>
 </body>
</html>
