<?xml version="1.0" encoding="UTF-8"?>
<!DOCTYPE html PUBLIC "-//W3C//DTD XHTML 1.0 Transitional//EN"
    "http://www.w3.org/TR/xhtml1/DTD/xhtml1-transitional.dtd">
<html xmlns="http://www.w3.org/1999/xhtml" xml:lang="en" lang="en">
 <head>
  <title>
</title>
<meta http-equiv="Content-Type" content="text/html;charset=utf-8" />
  <meta name='ocr-system' content='tesseract 3.04.00' />
  <meta name='ocr-capabilities' content='ocr_page ocr_carea ocr_par ocr_line ocrx_word'/>
</head>
<body>
  <div class='ocr_page' id='page_1' title='image "./lannaeisenecaet08senegoog_0193.png"; bbox 0 0 2544 4040; ppageno 0'>
   <div class='ocr_carea' id='block_1_1' title="bbox 225 223 858 293">
    <p class='ocr_par' dir='ltr' id='par_1_1' title="bbox 225 223 858 293">
     <span class='ocr_line' id='line_1_1' title="bbox 225 223 858 293; baseline -0.006 -1"><span class='ocrx_word' id='word_1_1' title='bbox 225 229 285 293; x_wconf 75' lang='lat'>122</span> <span class='ocrx_word' id='word_1_2' title='bbox 503 245 534 290; x_wconf 76' lang='lat' dir='ltr'>u,</span> <span class='ocrx_word' id='word_1_3' title='bbox 550 242 684 291; x_wconf 76' lang='lat' dir='ltr'>anunm</span> <span class='ocrx_word' id='word_1_4' title='bbox 701 223 858 290; x_wconf 72' lang='lat' dir='ltr'>sarincae</span> 
     </span>
    </p>
   </div>
   <div class='ocr_carea' id='block_1_2' title="bbox 191 381 1261 718">
    <p class='ocr_par' dir='ltr' id='par_1_2' title="bbox 225 381 907 454">
     <span class='ocr_line' id='line_1_2' title="bbox 225 381 907 454; baseline -0.006 -5"><span class='ocrx_word' id='word_1_5' title='bbox 225 395 357 449; x_wconf 74' lang='lat' dir='ltr'>cessante</span> <span class='ocrx_word' id='word_1_6' title='bbox 373 390 493 454; x_wconf 84' lang='lat' dir='ltr'>tectum,</span> <span class='ocrx_word' id='word_1_7' title='bbox 509 384 608 443; x_wconf 88' lang='lat' dir='ltr'>uibrat</span> <span class='ocrx_word' id='word_1_8' title='bbox 623 384 654 442; x_wconf 89' lang='lat' dir='ltr'>in</span> <span class='ocrx_word' id='word_1_9' title='bbox 668 381 792 444; x_wconf 80' lang='lat' dir='ltr'><strong>fratrum</strong></span> <span class='ocrx_word' id='word_1_10' title='bbox 810 401 907 445; x_wconf 88' lang='lat' dir='ltr'>manu.</span> 
     </span>
    </p>

    <p class='ocr_par' dir='ltr' id='par_1_3' title="bbox 191 468 1261 718">
     <span class='ocr_line' id='line_1_3' title="bbox 191 468 1236 537; baseline -0.008 -4"><span class='ocrx_word' id='word_1_11' title='bbox 191 500 211 533; x_wconf 81' lang='lat' dir='ltr'>a</span> <span class='ocrx_word' id='word_1_12' title='bbox 266 472 386 531; x_wconf 87' lang='lat' dir='ltr'>Laniata</span> <span class='ocrx_word' id='word_1_13' title='bbox 401 486 489 529; x_wconf 87' lang='lat' dir='ltr'>canas</span> <span class='ocrx_word' id='word_1_14' title='bbox 505 476 599 528; x_wconf 89' lang='lat' dir='ltr'>mater</span> <span class='ocrx_word' id='word_1_15' title='bbox 614 468 742 527; x_wconf 89' lang='lat' dir='ltr'>ostendit</span> <span class='ocrx_word' id='word_1_16' title='bbox 756 486 865 537; x_wconf 87' lang='lat' dir='ltr'>comas,</span> <span class='ocrx_word' id='word_1_17' title='bbox 1196 488 1236 533; x_wconf 70' lang='lat' dir='ltr'>ato</span> 
     </span>
     <span class='ocr_line' id='line_1_4' title="bbox 223 552 1261 634; baseline -0.006 -18"><span class='ocrx_word' id='word_1_18' title='bbox 223 564 309 634; x_wconf 87' lang='lat' dir='ltr'>rogat</span> <span class='ocrx_word' id='word_1_19' title='bbox 324 554 496 622; x_wconf 81' lang='lat' dir='ltr'>abnuentes,</span> <span class='ocrx_word' id='word_1_20' title='bbox 512 555 619 630; x_wconf 78' lang='lat' dir='ltr'>inrigat</span> <span class='ocrx_word' id='word_1_21' title='bbox 633 552 703 612; x_wconf 89' lang='lat' dir='ltr'>ssetu</span> <span class='ocrx_word' id='word_1_22' title='bbox 719 569 819 629; x_wconf 84' lang='lat' dir='ltr'>genas.</span> <span class='ocrx_word' id='word_1_23' title='bbox 1260 564 1261 569; x_wconf 73' lang='grc'>’</span> 
     </span>
     <span class='ocr_line' id='line_1_5' title="bbox 225 635 1261 718; baseline -0.009 -16"><span class='ocrx_word' id='word_1_24' title='bbox 225 658 334 717; x_wconf 83' lang='lat' dir='ltr'>negare</span> <span class='ocrx_word' id='word_1_25' title='bbox 350 640 437 700; x_wconf 88' lang='lat' dir='ltr'>matri</span> <span class='ocrx_word' id='word_1_26' title='bbox 452 640 503 718; x_wconf 88' lang='lat' dir='ltr'>qui</span> <span class='ocrx_word' id='word_1_27' title='bbox 518 637 568 698; x_wconf 71' lang='lat' dir='ltr'>eliu</span> <span class='ocrx_word' id='word_1_28' title='bbox 584 635 706 708; x_wconf 85' lang='lat' dir='ltr'>dubitat,</span> <span class='ocrx_word' id='word_1_29' title='bbox 724 644 828 715; x_wconf 87' lang='lat' dir='ltr'>potest.</span> <span class='ocrx_word' id='word_1_30' title='bbox 1165 654 1196 703; x_wconf 84' lang='lat'>80</span> <span class='ocrx_word' id='word_1_31' title='bbox 1260 704 1261 713; x_wconf 8' lang='grc' dir='ltr'>ἵ</span> 
     </span>
    </p>
   </div>
   <div class='ocr_carea' id='block_1_3' title="bbox 92 807 1233 2659">
    <p class='ocr_par' dir='ltr' id='par_1_4' title="bbox 92 807 1233 2659">
     <span class='ocr_line' id='line_1_6' title="bbox 194 807 1148 883; baseline 0.002 -15"><span class='ocrx_word' id='word_1_32' title='bbox 194 843 214 875; x_wconf 76' lang='lat' dir='ltr'>a</span> <span class='ocrx_word' id='word_1_33' title='bbox 268 821 337 869; x_wconf 82' lang='lat'>100.</span> <span class='ocrx_word' id='word_1_34' title='bbox 360 807 392 867; x_wconf 92' lang='lat' dir='ltr'>ln</span> <span class='ocrx_word' id='word_1_35' title='bbox 408 824 456 866; x_wconf 88' lang='lat' dir='ltr'>me</span> <span class='ocrx_word' id='word_1_36' title='bbox 472 825 553 867; x_wconf 88' lang='lat' dir='ltr'>arma</span> <span class='ocrx_word' id='word_1_37' title='bbox 570 814 598 866; x_wconf 88' lang='lat' dir='ltr'>et</span> <span class='ocrx_word' id='word_1_38' title='bbox 613 807 697 883; x_wconf 83' lang='lat' dir='ltr'>ignes</span> <span class='ocrx_word' id='word_1_39' title='bbox 711 807 826 866; x_wconf 87' lang='lat' dir='ltr'>uertite.</span> <span class='ocrx_word' id='word_1_40' title='bbox 854 807 885 864; x_wconf 93' lang='lat' dir='ltr'>in</span> <span class='ocrx_word' id='word_1_41' title='bbox 901 825 949 868; x_wconf 90' lang='lat' dir='ltr'>me</span> <span class='ocrx_word' id='word_1_42' title='bbox 965 810 1061 869; x_wconf 89' lang='lat' dir='ltr'>omnis</span> <span class='ocrx_word' id='word_1_43' title='bbox 1075 818 1148 870; x_wconf 87' lang='lat' dir='ltr'>ruat</span> 
     </span>
     <span class='ocr_line' id='line_1_7' title="bbox 224 889 896 971; baseline -0.006 -16"><span class='ocrx_word' id='word_1_44' title='bbox 224 913 313 955; x_wconf 89' lang='lat' dir='ltr'>unam</span> <span class='ocrx_word' id='word_1_45' title='bbox 329 895 616 971; x_wconf 84' lang='lat' dir='ltr'>inuentusquaeque</span> <span class='ocrx_word' id='word_1_46' title='bbox 632 889 668 950; x_wconf 92' lang='lat' dir='ltr'>ab</span> <span class='ocrx_word' id='word_1_47' title='bbox 685 890 799 950; x_wconf 89' lang='lat' dir='ltr'>inachio</span> <span class='ocrx_word' id='word_1_48' title='bbox 816 891 896 951; x_wconf 88' lang='lat' dir='ltr'>uenit</span> 
     </span>
     <span class='ocr_line' id='line_1_8' title="bbox 224 973 1233 1053; baseline -0.002 -15"><span class='ocrx_word' id='word_1_49' title='bbox 224 980 355 1039; x_wconf 89' lang='lat' dir='ltr'>animosa</span> <span class='ocrx_word' id='word_1_50' title='bbox 371 994 456 1037; x_wconf 92' lang='lat' dir='ltr'>muro</span> <span class='ocrx_word' id='word_1_51' title='bbox 473 994 606 1053; x_wconf 87' lang='lat' dir='ltr'>quaeque</span> <span class='ocrx_word' id='word_1_52' title='bbox 622 973 749 1034; x_wconf 87' lang='lat' dir='ltr'>thebana</span> <span class='ocrx_word' id='word_1_53' title='bbox 766 974 849 1035; x_wconf 85' lang='lat' dir='ltr'>lerox</span> <span class='ocrx_word' id='word_1_54' title='bbox 1193 990 1233 1037; x_wconf 70' lang='grc'>445</span> 
     </span>
     <span class='ocr_line' id='line_1_9' title="bbox 225 1058 885 1137; baseline -0.005 -15"><span class='ocrx_word' id='word_1_55' title='bbox 225 1062 379 1123; x_wconf 87' lang='lat' dir='ltr'>descendit</span> <span class='ocrx_word' id='word_1_56' title='bbox 393 1079 471 1120; x_wconf 90' lang='lat' dir='ltr'>arce.</span> <span class='ocrx_word' id='word_1_57' title='bbox 497 1059 569 1119; x_wconf 88' lang='lat' dir='ltr'>ciuis</span> <span class='ocrx_word' id='word_1_58' title='bbox 584 1066 672 1137; x_wconf 90' lang='lat' dir='ltr'>atque</span> <span class='ocrx_word' id='word_1_59' title='bbox 687 1058 782 1119; x_wconf 88' lang='lat' dir='ltr'>hostis</span> <span class='ocrx_word' id='word_1_60' title='bbox 797 1059 885 1119; x_wconf 92' lang='lat' dir='ltr'>simul</span> 
     </span>
     <span class='ocr_line' id='line_1_10' title="bbox 224 1143 1192 1223; baseline 0 -17"><span class='ocrx_word' id='word_1_61' title='bbox 224 1148 304 1206; x_wconf 87' lang='lat' dir='ltr'>hunc</span> <span class='ocrx_word' id='word_1_62' title='bbox 319 1146 408 1223; x_wconf 86' lang='lat' dir='ltr'>petite</span> <span class='ocrx_word' id='word_1_63' title='bbox 425 1152 560 1205; x_wconf 88' lang='lat' dir='ltr'>uentrem</span> <span class='ocrx_word' id='word_1_64' title='bbox 576 1145 626 1222; x_wconf 87' lang='lat' dir='ltr'>qui</span> <span class='ocrx_word' id='word_1_65' title='bbox 642 1143 722 1203; x_wconf 84' lang='lat' dir='ltr'>dedit</span> <span class='ocrx_word' id='word_1_66' title='bbox 737 1144 844 1203; x_wconf 80' lang='lat' dir='ltr'>lraues</span> <span class='ocrx_word' id='word_1_67' title='bbox 859 1146 936 1206; x_wconf 84' lang='lat' dir='ltr'>uiro.</span> <span class='ocrx_word' id='word_1_68' title='bbox 1161 1157 1192 1206; x_wconf 74' lang='lat'>85</span> 
     </span>
     <span class='ocr_line' id='line_1_11' title="bbox 224 1226 930 1306; baseline -0.004 -14"><span class='ocrx_word' id='word_1_69' title='bbox 224 1232 299 1292; x_wconf 91' lang='lat' dir='ltr'>haec</span> <span class='ocrx_word' id='word_1_70' title='bbox 314 1229 446 1291; x_wconf 90' lang='lat' dir='ltr'>membra</span> <span class='ocrx_word' id='word_1_71' title='bbox 463 1230 572 1306; x_wconf 88' lang='lat' dir='ltr'>passim</span> <span class='ocrx_word' id='word_1_72' title='bbox 588 1227 717 1306; x_wconf 75' lang='lat' dir='ltr'><strong>spargite</strong></span> <span class='ocrx_word' id='word_1_73' title='bbox 733 1247 767 1289; x_wconf 91' lang='lat' dir='ltr'>ac</span> <span class='ocrx_word' id='word_1_74' title='bbox 783 1226 930 1289; x_wconf 88' lang='lat' dir='ltr'>diuellite:</span> 
     </span>
     <span class='ocr_line' id='line_1_12' title="bbox 226 1310 964 1393; baseline -0.004 -16"><span class='ocrx_word' id='word_1_75' title='bbox 226 1333 280 1393; x_wconf 83' lang='lat' dir='ltr'>ego</span> <span class='ocrx_word' id='word_1_76' title='bbox 296 1324 454 1393; x_wconf 89' lang='lat' dir='ltr'>utrumque</span> <span class='ocrx_word' id='word_1_77' title='bbox 470 1310 583 1392; x_wconf 83' lang='lat' dir='ltr'><strong>peperi.</strong></span> <span class='ocrx_word' id='word_1_78' title='bbox 614 1314 721 1389; x_wconf 87' lang='lat' dir='ltr'>ponitis</span> <span class='ocrx_word' id='word_1_79' title='bbox 737 1313 848 1374; x_wconf 84' lang='lat' dir='ltr'>terrum</span> <span class='ocrx_word' id='word_1_80' title='bbox 864 1314 964 1376; x_wconf 76' lang='lat' dir='ltr'>ocius?</span> 
     </span>
     <span class='ocr_line' id='line_1_13' title="bbox 173 1397 928 1477; baseline -0.005 -16"><span class='ocrx_word' id='word_1_81' title='bbox 173 1410 177 1425; x_wconf 71' lang='lat'>‘</span> <span class='ocrx_word' id='word_1_82' title='bbox 226 1420 263 1461; x_wconf 89' lang='lat' dir='ltr'>an</span> <span class='ocrx_word' id='word_1_83' title='bbox 280 1400 346 1460; x_wconf 91' lang='lat' dir='ltr'>dico</span> <span class='ocrx_word' id='word_1_84' title='bbox 363 1410 442 1460; x_wconf 86' lang='lat' dir='ltr'>etex</span> <span class='ocrx_word' id='word_1_85' title='bbox 459 1399 535 1477; x_wconf 79' lang='lat' dir='ltr'>quo?</span> <span class='ocrx_word' id='word_1_86' title='bbox 559 1397 694 1458; x_wconf 83' lang='lat' dir='ltr'>dexteras</span> <span class='ocrx_word' id='word_1_87' title='bbox 710 1400 819 1458; x_wconf 89' lang='lat' dir='ltr'>matri</span> <span class='ocrx_word' id='word_1_88' title='bbox 836 1398 928 1459; x_wconf 87' lang='lat' dir='ltr'>date.</span> 
     </span>
     <span class='ocr_line' id='line_1_14' title="bbox 92 1483 957 1565; baseline -0.005 -18"><span class='ocrx_word' id='word_1_89' title='bbox 92 1556 96 1565; x_wconf 34' lang='lat'>¹</span> <span class='ocrx_word' id='word_1_90' title='bbox 188 1493 215 1552; x_wconf 76' lang='lat' dir='ltr'>a&#39;</span> <span class='ocrx_word' id='word_1_91' title='bbox 270 1486 342 1546; x_wconf 87' lang='lat' dir='ltr'>Date</span> <span class='ocrx_word' id='word_1_92' title='bbox 358 1484 427 1544; x_wconf 92' lang='lat' dir='ltr'>dum</span> <span class='ocrx_word' id='word_1_93' title='bbox 444 1485 510 1562; x_wconf 89' lang='lat' dir='ltr'>piae</span> <span class='ocrx_word' id='word_1_94' title='bbox 525 1489 602 1541; x_wconf 89' lang='lat' dir='ltr'>sum.</span> <span class='ocrx_word' id='word_1_95' title='bbox 634 1499 720 1541; x_wconf 87' lang='lat' dir='ltr'>error</span> <span class='ocrx_word' id='word_1_96' title='bbox 736 1483 844 1542; x_wconf 88' lang='lat' dir='ltr'>inuitos</span> <span class='ocrx_word' id='word_1_97' title='bbox 860 1483 957 1544; x_wconf 88' lang='lat' dir='ltr'>adhuc</span> 
     </span>
     <span class='ocr_line' id='line_1_15' title="bbox 153 1566 789 1636; baseline -0.005 -7"><span class='ocrx_word' id='word_1_98' title='bbox 153 1608 156 1611; x_wconf 92' lang='lat'>-</span> <span class='ocrx_word' id='word_1_99' title='bbox 229 1570 299 1629; x_wconf 86' lang='lat' dir='ltr'>fecit</span> <span class='ocrx_word' id='word_1_100' title='bbox 314 1576 464 1636; x_wconf 84' lang='lat' dir='ltr'>nocentes,</span> <span class='ocrx_word' id='word_1_101' title='bbox 481 1584 568 1625; x_wconf 88' lang='lat' dir='ltr'>omne</span> <span class='ocrx_word' id='word_1_102' title='bbox 583 1567 719 1627; x_wconf 78' lang='lat' dir='ltr'>fortunae</span> <span class='ocrx_word' id='word_1_103' title='bbox 733 1566 789 1626; x_wconf 84' lang='lat' dir='ltr'>fuit</span> 
     </span>
     <span class='ocr_line' id='line_1_16' title="bbox 226 1651 953 1732; baseline 0 -20"><span class='ocrx_word' id='word_1_104' title='bbox 226 1654 378 1732; x_wconf 89' lang='lat' dir='ltr'>peccantis</span> <span class='ocrx_word' id='word_1_105' title='bbox 393 1653 421 1711; x_wconf 91' lang='lat' dir='ltr'>in</span> <span class='ocrx_word' id='word_1_106' title='bbox 438 1669 492 1711; x_wconf 90' lang='lat' dir='ltr'>nos</span> <span class='ocrx_word' id='word_1_107' title='bbox 508 1651 635 1710; x_wconf 87' lang='lat' dir='ltr'>crimen:</span> <span class='ocrx_word' id='word_1_108' title='bbox 652 1651 709 1711; x_wconf 89' lang='lat' dir='ltr'>hoc</span> <span class='ocrx_word' id='word_1_109' title='bbox 725 1653 854 1729; x_wconf 88' lang='lat' dir='ltr'>primum</span> <span class='ocrx_word' id='word_1_110' title='bbox 870 1651 953 1713; x_wconf 84' lang='lat' dir='ltr'>nolas</span> 
     </span>
     <span class='ocr_line' id='line_1_17' title="bbox 227 1736 933 1811; baseline -0.003 -14"><span class='ocrx_word' id='word_1_111' title='bbox 227 1739 303 1797; x_wconf 90' lang='lat' dir='ltr'>inter</span> <span class='ocrx_word' id='word_1_112' title='bbox 319 1738 445 1797; x_wconf 88' lang='lat' dir='ltr'>scientes</span> <span class='ocrx_word' id='word_1_113' title='bbox 460 1737 583 1811; x_wconf 82' lang='lat' dir='ltr'>geritur.</span> <span class='ocrx_word' id='word_1_114' title='bbox 614 1736 644 1793; x_wconf 90' lang='lat' dir='ltr'>in</span> <span class='ocrx_word' id='word_1_115' title='bbox 659 1742 757 1795; x_wconf 89' lang='lat' dir='ltr'>uestra</span> <span class='ocrx_word' id='word_1_116' title='bbox 775 1744 933 1797; x_wconf 65' lang='lat' dir='ltr'>manuest,</span> 
     </span>
     <span class='ocr_line' id='line_1_18' title="bbox 226 1819 856 1898; baseline -0.003 -17"><span class='ocrx_word' id='word_1_117' title='bbox 226 1829 326 1881; x_wconf 89' lang='lat' dir='ltr'>utrum</span> <span class='ocrx_word' id='word_1_118' title='bbox 342 1820 448 1881; x_wconf 87' lang='lat' dir='ltr'>uelitis.</span> <span class='ocrx_word' id='word_1_119' title='bbox 480 1828 580 1880; x_wconf 86' lang='lat' dir='ltr'>sancta</span> <span class='ocrx_word' id='word_1_120' title='bbox 597 1821 621 1878; x_wconf 91' lang='lat' dir='ltr'>si</span> <span class='ocrx_word' id='word_1_121' title='bbox 636 1821 729 1898; x_wconf 89' lang='lat' dir='ltr'>pietas</span> <span class='ocrx_word' id='word_1_122' title='bbox 745 1819 856 1896; x_wconf 87' lang='lat' dir='ltr'>placet,</span> 
     </span>
     <span class='ocr_line' id='line_1_19' title="bbox 227 1902 934 1982; baseline 0.001 -18"><span class='ocrx_word' id='word_1_123' title='bbox 227 1906 363 1966; x_wconf 89' lang='lat' dir='ltr'>donate</span> <span class='ocrx_word' id='word_1_124' title='bbox 379 1912 530 1965; x_wconf 87' lang='lat' dir='ltr'>matrem</span> <span class='ocrx_word' id='word_1_125' title='bbox 545 1922 628 1982; x_wconf 85' lang='lat' dir='ltr'>pace.</span> <span class='ocrx_word' id='word_1_126' title='bbox 660 1906 684 1964; x_wconf 91' lang='lat' dir='ltr'>si</span> <span class='ocrx_word' id='word_1_127' title='bbox 699 1902 809 1981; x_wconf 80' lang='lat' dir='ltr'>placuit</span> <span class='ocrx_word' id='word_1_128' title='bbox 824 1903 934 1975; x_wconf 73' lang='lat' dir='ltr'>sceluS,</span> 
     </span>
     <span class='ocr_line' id='line_1_20' title="bbox 226 1988 978 2068; baseline 0 -18"><span class='ocrx_word' id='word_1_129' title='bbox 226 1991 320 2051; x_wconf 87' lang='lat' dir='ltr'>maius</span> <span class='ocrx_word' id='word_1_130' title='bbox 335 1997 471 2068; x_wconf 92' lang='lat' dir='ltr'>paratum</span> <span class='ocrx_word' id='word_1_131' title='bbox 488 1997 545 2049; x_wconf 91' lang='lat' dir='ltr'>est:</span> <span class='ocrx_word' id='word_1_132' title='bbox 562 1988 658 2050; x_wconf 92' lang='lat' dir='ltr'>media</span> <span class='ocrx_word' id='word_1_133' title='bbox 674 2008 707 2048; x_wconf 92' lang='lat' dir='ltr'>se</span> <span class='ocrx_word' id='word_1_134' title='bbox 722 1990 846 2066; x_wconf 89' lang='lat' dir='ltr'>opponit</span> <span class='ocrx_word' id='word_1_135' title='bbox 860 2007 978 2066; x_wconf 74' lang='lat' dir='ltr'>parens,</span> 
     </span>
     <span class='ocr_line' id='line_1_21' title="bbox 225 2067 873 2154; baseline -0.003 -20"><span class='ocrx_word' id='word_1_136' title='bbox 225 2074 351 2154; x_wconf 88' lang='lat' dir='ltr'>proinde</span> <span class='ocrx_word' id='word_1_137' title='bbox 368 2073 477 2134; x_wconf 88' lang='lat' dir='ltr'>bellum</span> <span class='ocrx_word' id='word_1_138' title='bbox 492 2071 584 2133; x_wconf 89' lang='lat' dir='ltr'>tollite</span> <span class='ocrx_word' id='word_1_139' title='bbox 600 2082 650 2132; x_wconf 87' lang='lat' dir='ltr'>aut</span> <span class='ocrx_word' id='word_1_140' title='bbox 666 2067 734 2132; x_wconf 88' lang='lat' dir='ltr'>belli</span> <span class='ocrx_word' id='word_1_141' title='bbox 751 2090 873 2132; x_wconf 89' lang='lat' dir='ltr'>moram.</span> 
     </span>
     <span class='ocr_line' id='line_1_22' title="bbox 193 2154 901 2234; baseline -0.003 -14"><span class='ocrx_word' id='word_1_142' title='bbox 193 2193 213 2226; x_wconf 75' lang='lat' dir='ltr'>a</span> <span class='ocrx_word' id='word_1_143' title='bbox 269 2157 397 2220; x_wconf 86' lang='lat' dir='ltr'>Sollicita</span> <span class='ocrx_word' id='word_1_144' title='bbox 414 2160 463 2218; x_wconf 87' lang='lat' dir='ltr'>cui</span> <span class='ocrx_word' id='word_1_145' title='bbox 478 2175 557 2218; x_wconf 89' lang='lat' dir='ltr'>nunc</span> <span class='ocrx_word' id='word_1_146' title='bbox 573 2164 667 2217; x_wconf 88' lang='lat' dir='ltr'>mater</span> <span class='ocrx_word' id='word_1_147' title='bbox 683 2154 795 2218; x_wconf 90' lang='lat' dir='ltr'>alterna</span> <span class='ocrx_word' id='word_1_148' title='bbox 811 2175 901 2234; x_wconf 88' lang='lat' dir='ltr'>prece</span> 
     </span>
     <span class='ocr_line' id='line_1_23' title="bbox 227 2240 1050 2321; baseline -0.002 -17"><span class='ocrx_word' id='word_1_149' title='bbox 227 2243 319 2304; x_wconf 89' lang='lat' dir='ltr'>uerba</span> <span class='ocrx_word' id='word_1_150' title='bbox 334 2242 519 2304; x_wconf 81' lang='lat' dir='ltr'>admonebo?</span> <span class='ocrx_word' id='word_1_151' title='bbox 543 2243 649 2302; x_wconf 88' lang='lat' dir='ltr'>misera</span> <span class='ocrx_word' id='word_1_152' title='bbox 664 2260 753 2320; x_wconf 87' lang='lat' dir='ltr'>quem</span> <span class='ocrx_word' id='word_1_153' title='bbox 768 2240 931 2320; x_wconf 89' lang='lat' dir='ltr'>amplectar</span> <span class='ocrx_word' id='word_1_154' title='bbox 945 2243 1050 2321; x_wconf 76' lang='lat' dir='ltr'>prius?</span> 
     </span>
     <span class='ocr_line' id='line_1_24' title="bbox 226 2325 962 2408; baseline -0.005 -19"><span class='ocrx_word' id='word_1_155' title='bbox 226 2331 257 2389; x_wconf 92' lang='lat' dir='ltr'>in</span> <span class='ocrx_word' id='word_1_156' title='bbox 272 2336 429 2408; x_wconf 76' lang='lat' dir='ltr'>utramque</span> <span class='ocrx_word' id='word_1_157' title='bbox 444 2335 558 2406; x_wconf 89' lang='lat' dir='ltr'>partem</span> <span class='ocrx_word' id='word_1_158' title='bbox 575 2327 668 2387; x_wconf 90' lang='lat' dir='ltr'>ducor</span> <span class='ocrx_word' id='word_1_159' title='bbox 684 2325 800 2386; x_wconf 86' lang='lat' dir='ltr'>adiectu</span> <span class='ocrx_word' id='word_1_160' title='bbox 815 2329 889 2403; x_wconf 90' lang='lat' dir='ltr'>pari.</span> <span class='ocrx_word' id='word_1_161' title='bbox 957 2394 962 2403; x_wconf 23' lang='grc' dir='ltr'>δ</span> 
     </span>
     <span class='ocr_line' id='line_1_25' title="bbox 226 2408 846 2490; baseline -0.01 -16"><span class='ocrx_word' id='word_1_162' title='bbox 226 2414 276 2474; x_wconf 88' lang='lat' dir='ltr'>hic</span> <span class='ocrx_word' id='word_1_163' title='bbox 291 2415 371 2483; x_wconf 87' lang='lat' dir='ltr'>aluit,</span> <span class='ocrx_word' id='word_1_164' title='bbox 388 2413 440 2473; x_wconf 90' lang='lat' dir='ltr'>sed</span> <span class='ocrx_word' id='word_1_165' title='bbox 456 2419 541 2490; x_wconf 90' lang='lat' dir='ltr'>pacta</span> <span class='ocrx_word' id='word_1_166' title='bbox 557 2413 581 2472; x_wconf 91' lang='lat' dir='ltr'>si</span> <span class='ocrx_word' id='word_1_167' title='bbox 596 2411 722 2470; x_wconf 81' lang='lat' dir='ltr'>fratrum</span> <span class='ocrx_word' id='word_1_168' title='bbox 738 2408 846 2479; x_wconf 86' lang='lat' dir='ltr'>ualent,</span> 
     </span>
     <span class='ocr_line' id='line_1_26' title="bbox 227 2496 958 2572; baseline -0.003 -14"><span class='ocrx_word' id='word_1_169' title='bbox 227 2517 306 2559; x_wconf 89' lang='lat' dir='ltr'>nunc</span> <span class='ocrx_word' id='word_1_170' title='bbox 322 2497 395 2558; x_wconf 91' lang='lat' dir='ltr'>alter</span> <span class='ocrx_word' id='word_1_171' title='bbox 411 2496 514 2557; x_wconf 87' lang='lat' dir='ltr'>aberit.</span> <span class='ocrx_word' id='word_1_172' title='bbox 546 2512 617 2572; x_wconf 81' lang='lat' dir='ltr'>ergo</span> <span class='ocrx_word' id='word_1_173' title='bbox 632 2497 690 2554; x_wconf 92' lang='lat' dir='ltr'>iam</span> <span class='ocrx_word' id='word_1_174' title='bbox 707 2512 866 2572; x_wconf 86' lang='lat' dir='ltr'>numquam</span> <span class='ocrx_word' id='word_1_175' title='bbox 883 2496 958 2556; x_wconf 87' lang='lat' dir='ltr'>duos</span> 
     </span>
     <span class='ocr_line' id='line_1_27' title="bbox 226 2577 872 2659; baseline -0.005 -18"><span class='ocrx_word' id='word_1_176' title='bbox 226 2584 284 2642; x_wconf 90' lang='lat' dir='ltr'>nisi</span> <span class='ocrx_word' id='word_1_177' title='bbox 300 2583 342 2641; x_wconf 84' lang='lat' dir='ltr'>sic</span> <span class='ocrx_word' id='word_1_178' title='bbox 356 2581 486 2641; x_wconf 72' lang='lat' dir='ltr'>uidebo?</span> <span class='ocrx_word' id='word_1_179' title='bbox 509 2582 597 2659; x_wconf 82' lang='lat' dir='ltr'>iunge</span> <span class='ocrx_word' id='word_1_180' title='bbox 613 2577 774 2657; x_wconf 85' lang='lat' dir='ltr'>conplexus</span> <span class='ocrx_word' id='word_1_181' title='bbox 789 2581 872 2658; x_wconf 89' lang='lat' dir='ltr'>prior</span> 
     </span>
    </p>
   </div>
   <div class='ocr_carea' id='block_1_4' title="bbox 224 2778 1146 3594">
    <p class='ocr_par' dir='ltr' id='par_1_5' title="bbox 224 2778 1146 3594">
     <span class='ocr_line' id='line_1_28' title="bbox 295 2778 1145 2847; baseline -0.001 -13"><span class='ocrx_word' id='word_1_182' title='bbox 295 2787 327 2835; x_wconf 75' lang='lat'>77</span> <span class='ocrx_word' id='word_1_183' title='bbox 351 2788 497 2846; x_wconf 77' lang='lat' dir='ltr'>cessatque</span> <span class='ocrx_word' id='word_1_184' title='bbox 520 2799 541 2832; x_wconf 86' lang='grc' dir='ltr'><strong>ω</strong></span> <span class='ocrx_word' id='word_1_185' title='bbox 571 2788 708 2832; x_wconf 80' lang='lat' dir='ltr'>cessetuo</span> <span class='ocrx_word' id='word_1_186' title='bbox 732 2780 807 2832; x_wconf 78' lang='lat' dir='ltr'>NHs.</span> <span class='ocrx_word' id='word_1_187' title='bbox 838 2778 850 2847; x_wconf 81' lang='lat' dir='ltr'>ll</span> <span class='ocrx_word' id='word_1_188' title='bbox 879 2782 964 2833; x_wconf 83' lang='lat' dir='ltr'>tolum</span> <span class='ocrx_word' id='word_1_189' title='bbox 983 2784 1008 2832; x_wconf 98' lang='lat' dir='ltr'><em>A</em></span> <span class='ocrx_word' id='word_1_190' title='bbox 1038 2788 1145 2833; x_wconf 83' lang='lat' dir='ltr'>tectum</span> 
     </span>
     <span class='ocr_line' id='line_1_29' title="bbox 228 2847 1145 2918; baseline 0 -17"><span class='ocrx_word' id='word_1_191' title='bbox 228 2852 276 2917; x_wconf 77' lang='lat' dir='ltr'>Ep</span> <span class='ocrx_word' id='word_1_192' title='bbox 304 2848 317 2918; x_wconf 75' lang='lat' dir='ltr'>ss</span> <span class='ocrx_word' id='word_1_193' title='bbox 345 2853 379 2901; x_wconf 88' lang='lat'>80</span> <span class='ocrx_word' id='word_1_194' title='bbox 401 2852 563 2901; x_wconf 81' lang='lat' dir='ltr'>continuatur</span> <span class='ocrx_word' id='word_1_195' title='bbox 579 2865 674 2900; x_wconf 75' lang='lat' dir='ltr'>scaena</span> <span class='ocrx_word' id='word_1_196' title='bbox 691 2852 718 2899; x_wconf 81' lang='lat' dir='ltr'>in</span> <span class='ocrx_word' id='word_1_197' title='bbox 735 2850 760 2897; x_wconf 90' lang='lat' dir='ltr'><em>E</em></span> <span class='ocrx_word' id='word_1_198' title='bbox 789 2864 879 2899; x_wconf 81' lang='lat' dir='ltr'>nouam</span> <span class='ocrx_word' id='word_1_199' title='bbox 896 2851 987 2901; x_wconf 76' lang='lat' dir='ltr'>statuit</span> <span class='ocrx_word' id='word_1_200' title='bbox 1005 2852 1029 2901; x_wconf 92' lang='lat' dir='ltr'><em>A</em></span> <span class='ocrx_word' id='word_1_201' title='bbox 1059 2847 1072 2917; x_wconf 80' lang='grc' dir='ltr'>ΙΙ</span> <span class='ocrx_word' id='word_1_202' title='bbox 1087 2852 1145 2901; x_wconf 89' lang='lat' dir='ltr'>-Io-</span> 
     </span>
     <span class='ocr_line' id='line_1_30' title="bbox 226 2914 1134 2984; baseline -0.003 -14"><span class='ocrx_word' id='word_1_203' title='bbox 226 2924 314 2970; x_wconf 79' lang='lat' dir='ltr'>casta.</span> <span class='ocrx_word' id='word_1_204' title='bbox 333 2918 482 2982; x_wconf 83' lang='lat' dir='ltr'>Polynices</span> <span class='ocrx_word' id='word_1_205' title='bbox 496 2918 519 2967; x_wconf 86' lang='lat' dir='ltr'><em>A</em></span> <span class='ocrx_word' id='word_1_206' title='bbox 532 2914 543 2984; x_wconf 78' lang='lat' dir='ltr'>ll</span> <span class='ocrx_word' id='word_1_207' title='bbox 559 2920 591 2968; x_wconf 78' lang='lat'>82</span> <span class='ocrx_word' id='word_1_208' title='bbox 610 2934 665 2967; x_wconf 82' lang='lat' dir='ltr'>una</span> <span class='ocrx_word' id='word_1_209' title='bbox 683 2926 706 2983; x_wconf 78' lang='grc' dir='ltr'><strong><em>ψ</em></strong></span> <span class='ocrx_word' id='word_1_210' title='bbox 723 2920 734 2983; x_wconf 89' lang='grc' dir='ltr'>ΙΙ</span> <span class='ocrx_word' id='word_1_211' title='bbox 750 2918 784 2968; x_wconf 81' lang='grc'>84</span> <span class='ocrx_word' id='word_1_212' title='bbox 801 2916 946 2968; x_wconf 85' lang='lat' dir='ltr'>deseendit</span> <span class='ocrx_word' id='word_1_213' title='bbox 957 2918 982 2968; x_wconf 90' lang='lat' dir='ltr'><em>A</em></span> <span class='ocrx_word' id='word_1_214' title='bbox 1001 2918 1072 2968; x_wconf 81' lang='lat' dir='ltr'>disc.</span> <span class='ocrx_word' id='word_1_215' title='bbox 1085 2919 1111 2967; x_wconf 87' lang='lat' dir='ltr'><em>E</em></span> <span class='ocrx_word' id='word_1_216' title='bbox 1122 2916 1134 2984; x_wconf 76' lang='lat' dir='ltr'>ll</span> 
     </span>
     <span class='ocr_line' id='line_1_31' title="bbox 228 2982 1144 3051; baseline 0.001 -15"><span class='ocrx_word' id='word_1_217' title='bbox 228 2989 304 3037; x_wconf 78' lang='lat' dir='ltr'>ciues</span> <span class='ocrx_word' id='word_1_218' title='bbox 328 2991 357 3037; x_wconf 84' lang='lat' dir='ltr'>at</span> <span class='ocrx_word' id='word_1_219' title='bbox 378 3001 412 3037; x_wconf 91' lang='lat' dir='ltr'>ue</span> <span class='ocrx_word' id='word_1_220' title='bbox 436 2986 530 3037; x_wconf 80' lang='lat' dir='ltr'>hostes</span> <span class='ocrx_word' id='word_1_221' title='bbox 552 2986 577 3035; x_wconf 84' lang='lat' dir='ltr'><em>E</em></span> <span class='ocrx_word' id='word_1_222' title='bbox 613 2985 682 3036; x_wconf 82' lang='lat' dir='ltr'>ciuis</span> <span class='ocrx_word' id='word_1_223' title='bbox 706 3000 731 3034; x_wconf 85' lang='lat' dir='ltr'>o.</span> <span class='ocrx_word' id='word_1_224' title='bbox 756 2984 842 3035; x_wconf 79' lang='lat' dir='ltr'>hostis</span> <span class='ocrx_word' id='word_1_225' title='bbox 864 2985 889 3035; x_wconf 90' lang='lat' dir='ltr'><em>A</em></span> <span class='ocrx_word' id='word_1_226' title='bbox 927 2982 939 3051; x_wconf 88' lang='grc' dir='ltr'>ΙΙ</span> <span class='ocrx_word' id='word_1_227' title='bbox 976 2986 1009 3036; x_wconf 87' lang='grc'>86</span> <span class='ocrx_word' id='word_1_228' title='bbox 1038 3001 1100 3035; x_wconf 80' lang='lat' dir='ltr'>mea</span> <span class='ocrx_word' id='word_1_229' title='bbox 1119 2988 1144 3037; x_wconf 91' lang='lat' dir='ltr'><em>A</em></span> 
     </span>
     <span class='ocr_line' id='line_1_32' title="bbox 227 3001 1145 3120; baseline -0.002 -15"><span class='ocrx_word' id='word_1_230' title='bbox 227 3055 298 3105; x_wconf 85' lang='lat' dir='ltr'>hoec</span> <span class='ocrx_word' id='word_1_231' title='bbox 315 3055 340 3103; x_wconf 87' lang='lat' dir='ltr'><em>E</em></span> <span class='ocrx_word' id='word_1_232' title='bbox 360 3001 377 3120; x_wconf 78' lang='lat' dir='ltr'>ll</span> <span class='ocrx_word' id='word_1_233' title='bbox 398 3056 430 3104; x_wconf 87' lang='grc'>88</span> <span class='ocrx_word' id='word_1_234' title='bbox 449 3069 485 3103; x_wconf 85' lang='lat' dir='ltr'>an</span> <span class='ocrx_word' id='word_1_235' title='bbox 503 3053 600 3119; x_wconf 65' lang='lat' dir='ltr'>dicon</span> <span class='ocrx_word' id='word_1_236' title='bbox 620 3070 652 3104; x_wconf 84' lang='lat' dir='ltr'>ac</span> <span class='ocrx_word' id='word_1_237' title='bbox 669 3052 694 3105; x_wconf 81' lang='lat' dir='ltr'>d.</span> <span class='ocrx_word' id='word_1_238' title='bbox 715 3066 748 3102; x_wconf 83' lang='grc' dir='ltr'>αε</span> <span class='ocrx_word' id='word_1_239' title='bbox 771 3047 783 3118; x_wconf 77' lang='lat' dir='ltr'>ll</span> <span class='ocrx_word' id='word_1_240' title='bbox 807 3051 918 3104; x_wconf 81' lang='lat' dir='ltr'>dextras</span> <span class='ocrx_word' id='word_1_241' title='bbox 936 3053 1145 3117; x_wconf 65' lang='lat' dir='ltr'>metridatem</span> 
     </span>
     <span class='ocr_line' id='line_1_33' title="bbox 224 3119 1146 3187; baseline 0 -16"><span class='ocrx_word' id='word_1_242' title='bbox 224 3122 356 3172; x_wconf 82' lang='lat' dir='ltr'>dexteras</span> <span class='ocrx_word' id='word_1_243' title='bbox 379 3122 442 3186; x_wconf 82' lang='lat' dir='ltr'>lege</span> <span class='ocrx_word' id='word_1_244' title='bbox 467 3119 533 3185; x_wconf 83' lang='lat' dir='ltr'>(ind.</span> <span class='ocrx_word' id='word_1_245' title='bbox 557 3138 609 3173; x_wconf 79' lang='lat' dir='ltr'>err.</span> <span class='ocrx_word' id='word_1_246' title='bbox 633 3121 730 3187; x_wconf 81' lang='lat' dir='ltr'>matri)</span> <span class='ocrx_word' id='word_1_247' title='bbox 754 3119 829 3170; x_wconf 77' lang='lat' dir='ltr'>dotis</span> <span class='ocrx_word' id='word_1_248' title='bbox 853 3137 872 3171; x_wconf 86' lang='grc' dir='ltr'><strong>α</strong></span> <span class='ocrx_word' id='word_1_249' title='bbox 910 3120 1039 3172; x_wconf 81' lang='lat' dir='ltr'>dexteras</span> <span class='ocrx_word' id='word_1_250' title='bbox 1062 3122 1146 3172; x_wconf 83' lang='lat' dir='ltr'>matri</span> 
     </span>
     <span class='ocr_line' id='line_1_34' title="bbox 226 3184 1145 3255; baseline 0 -16"><span class='ocrx_word' id='word_1_251' title='bbox 226 3189 335 3253; x_wconf 30' lang='lat' dir='ltr'>doto-E</span> <span class='ocrx_word' id='word_1_252' title='bbox 358 3186 370 3255; x_wconf 78' lang='lat' dir='ltr'>ll</span> <span class='ocrx_word' id='word_1_253' title='bbox 398 3192 430 3239; x_wconf 85' lang='lat'>91</span> <span class='ocrx_word' id='word_1_254' title='bbox 448 3190 477 3238; x_wconf 90' lang='lat' dir='ltr'>in</span> <span class='ocrx_word' id='word_1_255' title='bbox 494 3205 543 3239; x_wconf 89' lang='lat' dir='ltr'>uos</span> <span class='ocrx_word' id='word_1_256' title='bbox 562 3191 586 3240; x_wconf 92' lang='lat' dir='ltr'><em>A</em></span> <span class='ocrx_word' id='word_1_257' title='bbox 610 3189 639 3238; x_wconf 90' lang='lat' dir='ltr'>in</span> <span class='ocrx_word' id='word_1_258' title='bbox 656 3204 707 3239; x_wconf 85' lang='lat' dir='ltr'>nos</span> <span class='ocrx_word' id='word_1_259' title='bbox 725 3198 762 3251; x_wconf 87' lang='grc' dir='ltr'>εψ</span> <span class='ocrx_word' id='word_1_260' title='bbox 785 3184 797 3253; x_wconf 82' lang='lat' dir='ltr'>ll</span> <span class='ocrx_word' id='word_1_261' title='bbox 825 3191 858 3239; x_wconf 84' lang='lat'>94</span> <span class='ocrx_word' id='word_1_262' title='bbox 875 3187 977 3239; x_wconf 82' lang='lat' dir='ltr'>donate</span> <span class='ocrx_word' id='word_1_263' title='bbox 995 3189 1078 3239; x_wconf 80' lang='lat' dir='ltr'>metri</span> <span class='ocrx_word' id='word_1_264' title='bbox 1095 3204 1145 3255; x_wconf 76' lang='lat' dir='ltr'>pn·</span> 
     </span>
     <span class='ocr_line' id='line_1_35' title="bbox 226 3256 1144 3321; baseline 0 -13"><span class='ocrx_word' id='word_1_265' title='bbox 226 3274 288 3309; x_wconf 87' lang='lat' dir='ltr'>cem</span> <span class='ocrx_word' id='word_1_266' title='bbox 306 3274 327 3308; x_wconf 87' lang='grc' dir='ltr'><strong><em>ω</em></strong></span> <span class='ocrx_word' id='word_1_267' title='bbox 346 3258 370 3307; x_wconf 88' lang='lat' dir='ltr'>d.</span> <span class='ocrx_word' id='word_1_268' title='bbox 389 3261 505 3306; x_wconf 83' lang='lat' dir='ltr'>matrem</span> <span class='ocrx_word' id='word_1_269' title='bbox 524 3273 594 3321; x_wconf 81' lang='lat' dir='ltr'>paee</span> <span class='ocrx_word' id='word_1_270' title='bbox 613 3273 632 3306; x_wconf 82' lang='lat' dir='ltr'>oc</span> <span class='ocrx_word' id='word_1_271' title='bbox 650 3256 674 3308; x_wconf 86' lang='lat' dir='ltr'>d.</span> <span class='ocrx_word' id='word_1_272' title='bbox 694 3257 777 3307; x_wconf 76' lang='lat' dir='ltr'>macri</span> <span class='ocrx_word' id='word_1_273' title='bbox 795 3261 885 3320; x_wconf 80' lang='lat' dir='ltr'>pactu</span> <span class='ocrx_word' id='word_1_274' title='bbox 902 3257 936 3309; x_wconf 89' lang='lat' dir='ltr'>L.</span> <span class='ocrx_word' id='word_1_275' title='bbox 948 3256 1068 3308; x_wconf 83' lang='lat' dir='ltr'>Mueller.</span> <span class='ocrx_word' id='word_1_276' title='bbox 1086 3260 1144 3310; x_wconf 88' lang='lat' dir='ltr'>coll.</span> 
     </span>
     <span class='ocr_line' id='line_1_36' title="bbox 228 3320 1145 3392; baseline 0.001 -17"><span class='ocrx_word' id='word_1_277' title='bbox 228 3329 278 3377; x_wconf 84' lang='lat'>122</span> <span class='ocrx_word' id='word_1_278' title='bbox 296 3341 335 3392; x_wconf 85' lang='lat' dir='ltr'>aq.</span> <span class='ocrx_word' id='word_1_279' title='bbox 363 3321 376 3391; x_wconf 79' lang='lat' dir='ltr'>fl</span> <span class='ocrx_word' id='word_1_280' title='bbox 405 3327 437 3374; x_wconf 79' lang='grc'>86</span> <span class='ocrx_word' id='word_1_281' title='bbox 455 3324 570 3389; x_wconf 88' lang='lat' dir='ltr'>proinde</span> <span class='ocrx_word' id='word_1_282' title='bbox 588 3326 643 3374; x_wconf 86' lang='lat' dir='ltr'>iam</span> <span class='ocrx_word' id='word_1_283' title='bbox 662 3323 687 3372; x_wconf 87' lang='lat' dir='ltr'><em>E</em></span> <span class='ocrx_word' id='word_1_284' title='bbox 711 3325 766 3374; x_wconf 81' lang='lat' dir='ltr'>iam</span> <span class='ocrx_word' id='word_1_285' title='bbox 784 3320 876 3376; x_wconf 86' lang='lat' dir='ltr'>om.A</span> <span class='ocrx_word' id='word_1_286' title='bbox 906 3320 918 3390; x_wconf 88' lang='grc' dir='ltr'>ΙΙ</span> <span class='ocrx_word' id='word_1_287' title='bbox 947 3326 979 3375; x_wconf 77' lang='lat'>97</span> <span class='ocrx_word' id='word_1_288' title='bbox 1003 3327 1049 3375; x_wconf 87' lang='lat' dir='ltr'>cui</span> <span class='ocrx_word' id='word_1_289' title='bbox 1071 3341 1145 3376; x_wconf 90' lang='lat' dir='ltr'>nunc</span> 
     </span>
     <span class='ocr_line' id='line_1_37' title="bbox 225 3391 1145 3455; baseline -0.002 -10"><span class='ocrx_word' id='word_1_290' title='bbox 225 3394 350 3445; x_wconf 79' lang='lat' dir='ltr'>sollicita</span> <span class='ocrx_word' id='word_1_291' title='bbox 362 3396 451 3442; x_wconf 83' lang='lat' dir='ltr'>mater</span> <span class='ocrx_word' id='word_1_292' title='bbox 463 3392 488 3441; x_wconf 84' lang='lat' dir='ltr'><em>E</em></span> <span class='ocrx_word' id='word_1_293' title='bbox 506 3391 578 3455; x_wconf 87' lang='lat' dir='ltr'>(soli.</span> <span class='ocrx_word' id='word_1_294' title='bbox 596 3407 670 3441; x_wconf 87' lang='lat' dir='ltr'>nune</span> <span class='ocrx_word' id='word_1_295' title='bbox 688 3394 732 3442; x_wconf 87' lang='lat' dir='ltr'>cui</span> <span class='ocrx_word' id='word_1_296' title='bbox 751 3407 784 3446; x_wconf 84' lang='lat' dir='ltr'>m.</span> <span class='ocrx_word' id='word_1_297' title='bbox 804 3394 915 3455; x_wconf 62' lang='lat' dir='ltr'>miron.)</span> <span class='ocrx_word' id='word_1_298' title='bbox 934 3391 996 3442; x_wconf 87' lang='lat' dir='ltr'>soll.</span> <span class='ocrx_word' id='word_1_299' title='bbox 1010 3394 1055 3443; x_wconf 91' lang='lat' dir='ltr'>cui</span> <span class='ocrx_word' id='word_1_300' title='bbox 1072 3408 1145 3443; x_wconf 83' lang='lat' dir='ltr'>nuno</span> 
     </span>
     <span class='ocr_line' id='line_1_38' title="bbox 227 3456 1145 3526; baseline 0.001 -17"><span class='ocrx_word' id='word_1_301' title='bbox 227 3478 263 3510; x_wconf 86' lang='lat' dir='ltr'>m.</span> <span class='ocrx_word' id='word_1_302' title='bbox 282 3461 306 3510; x_wconf 91' lang='lat' dir='ltr'><em>A</em></span> <span class='ocrx_word' id='word_1_303' title='bbox 343 3459 662 3524; x_wconf 78' lang='lat' dir='ltr'>cnis011.nunc.m.p</span> <span class='ocrx_word' id='word_1_304' title='bbox 686 3456 698 3526; x_wconf 84' lang='grc' dir='ltr'>ΙΙ</span> <span class='ocrx_word' id='word_1_305' title='bbox 722 3460 910 3524; x_wconf 82' lang='lat' dir='ltr'>alternaprete</span> <span class='ocrx_word' id='word_1_306' title='bbox 929 3459 954 3509; x_wconf 87' lang='lat' dir='ltr'><em>E</em></span> <span class='ocrx_word' id='word_1_307' title='bbox 981 3456 994 3526; x_wconf 81' lang='lat' dir='ltr'>[l</span> <span class='ocrx_word' id='word_1_308' title='bbox 1023 3462 1145 3511; x_wconf 80' lang='lat' dir='ltr'>tottam</span> 
     </span>
     <span class='ocr_line' id='line_1_39' title="bbox 226 3524 624 3594; baseline 0 -17"><span class='ocrx_word' id='word_1_309' title='bbox 226 3544 274 3578; x_wconf 85' lang='lat' dir='ltr'>om.</span> <span class='ocrx_word' id='word_1_310' title='bbox 295 3530 362 3579; x_wconf 74' lang='lat' dir='ltr'>nou</span> <span class='ocrx_word' id='word_1_311' title='bbox 384 3543 438 3579; x_wconf 90' lang='lat' dir='ltr'>non</span> <span class='ocrx_word' id='word_1_312' title='bbox 457 3529 488 3578; x_wconf 83' lang='lat' dir='ltr'>ci.</span> <span class='ocrx_word' id='word_1_313' title='bbox 509 3528 582 3593; x_wconf 81' lang='lat' dir='ltr'>Lipo.</span> <span class='ocrx_word' id='word_1_314' title='bbox 611 3524 624 3594; x_wconf 83' lang='grc' dir='ltr'>ΙΙ</span> 
     </span>
    </p>
   </div>
   <div class='ocr_carea' id='block_1_5' title="bbox 0 0 1283 4040">
    <p class='ocr_par' dir='ltr' id='par_1_6' title="bbox 0 0 1283 4040">
     <span class='ocr_line' id='line_1_40' title="bbox 0 0 1283 4040; baseline 0 0"><span class='ocrx_word' id='word_1_315' title='bbox 0 0 1283 4040; x_wconf 95' lang='lat' dir='ltr'> </span> 
     </span>
    </p>
   </div>
  </div>
 </body>
</html>
