2576 4044
213 289 277 355 338
602 300 743 348 monam

213 445 305 504 haec
321 461 412 503 onere
428 441 509 509 sidit,
526 439 593 501 illa
610 439 785 501 conuulsum
800 439 876 500 latus

217 528 363 588 submittit
378 527 480 596 undio,
497 526 604 586 lluctus
619 526 696 586 hanc
711 526 843 589 decimus
859 526 946 602 tegit,

216 614 308 673 haec
322 611 419 673 lacera
436 618 466 671 et
480 611 560 670 omni
576 610 684 670 decore
699 609 839 687 populatu
855 608 930 669 leuis

215 697 310 757 lluitat
326 714 380 757 uec
395 694 454 755 illi
469 694 534 756 uela
551 709 607 755 uec
621 703 724 756 tonsae
740 701 860 755 manent

214 799 272 842 nec
287 789 387 842 rectus
403 779 475 841 altas
490 778 584 840 malus
599 787 754 839 antemnas
769 780 884 853 lenens,

216 867 268 928 sed
283 874 388 926 trunca
404 872 467 923 toto
483 864 591 942 puppis
605 864 685 923 ionio
701 869 790 923 natat.
828 904 831 910 -

257 950 315 1011 Nil
331 952 406 1009 ratio
422 957 450 1009 ct
465 961 535 1009 usus
550 948 617 1008 aud
627 955 674 1016 et,
692 966 741 1009 ars
757 950 845 1008 cessit
860 946 953 1008 malis.
1059 1011 1061 1016 ,

215 1043 296 1096 tenet
310 1034 418 1094 horror
435 1041 530 1102 artus,
548 1034 645 1092 omnis
661 1033 758 1093 ollicio
775 1040 873 1110 stupet

218 1121 316 1180 nauita
331 1118 450 1186 relicto,
467 1134 569 1178 remus
584 1117 687 1194 cffugit
701 1134 817 1177 manus.

214 1207 246 1265 in
261 1211 329 1264 uota
345 1204 469 1263 miseros
484 1200 604 1262 ultimus
620 1203 700 1278 cogit
715 1203 803 1262 timor
853 1247 856 1251 .

216 1288 378 1366 eademque
394 1304 518 1364 superos
533 1285 650 1347 Troes
666 1295 695 1346 et
710 1287 825 1347 Danai
839 1294 955 1364 rogant.

258 1373 336 1444 Quid
352 1373 409 1433 lata
425 1378 559 1449 possunt.
588 1371 702 1431 inuidet
716 1370 848 1448 Pyrrhus
862 1373 952 1449 patri,

215 1459 298 1519 Aiaci
314 1456 425 1524 Vlixes,
443 1455 563 1516 Hectori
577 1456 694 1517 Atrides
709 1455 820 1524 minor,

216 1545 397 1621 Agamemno
414 1540 541 1601 Priamo.
574 1541 708 1617 quisquis
723 1538 760 1600 ad
776 1539 894 1599 Troiam
912 1541 1005 1608 iacet,
1153 1554 1208 1603 535

217 1626 285 1688 telin
302 1631 441 1694 uocatur,
458 1624 566 1685 cadere
582 1626 633 1702 qui
647 1626 757 1684 meruit
771 1624 880 1701 gradu,

217 1729 306 1790 quem
323 1710 400 1769 lama
416 1716 530 1780 seruat,
546 1711 624 1769 uicta
642 1726 729 1788 quem
746 1708 832 1768 tellus
846 1710 929 1787 tegit.

259 1794 316 1854 Nil
332 1792 432 1854 nobile
447 1810 558 1853 ausos
573 1801 682 1871 pontus
697 1801 784 1873 atque
800 1792 897 1854 undae
912 1793 1026 1854 terent?

216 1880 323 1957 ignaua
340 1880 431 1939 lortes
447 1878 503 1939 lata
519 1886 696 1939 consument
710 1879 813 1939 uiros?

216 1963 367 2044 perdenda
385 1980 464 2023 mors
480 1963 542 2023 est?
565 1964 696 2041 quisquis
713 1981 744 2023 es
759 1962 891 2023 nondum
906 1961 991 2023 malis
1154 1976 1208 2026 540

217 2050 320 2109 satiate
335 2049 424 2109 tantis
439 2046 591 2117 caelitum,
608 2047 726 2107 tandem
743 2054 826 2108 tuum

217 2151 326 2194 numen
342 2142 456 2194 serena.
488 2131 621 2193 cladibus
636 2134 747 2193 nostris
762 2132 846 2193 daret

216 2216 265 2279 uel
280 2217 368 2277 Troia
384 2216 530 2277 lacrimas.
561 2216 854 2278 odiasidurauttua
1115 2230 1140 2272 r.
1154 2232 1205 2274 cxr

217 2301 373 2382 placetque
390 2302 467 2362 mitti
481 2302 615 2361 doricum
633 2302 722 2361 exitio
738 2317 846 2378 genus,

218 2387 288 2465 quid
305 2387 360 2448 hos
376 2386 462 2447 simul
477 2387 576 2465 perire
592 2385 747 2446 nobiscum
762 2388 847 2447 iuuat

219 2471 326 2550 quibus
340 2471 489 2548 perimus?
511 2472 602 2531 sistite
617 2471 756 2531 inlestum
773 2488 869 2531 mare:

218 2556 300 2616 uehit
314 2557 370 2617 ista
384 2556 529 2616 Danaos
545 2553 648 2615 classis
664 2562 693 2614 et
708 2556 778 2616 Tro
789 2574 826 2616 as
842 2555 930 2615 uehit.

260 2638 321 2700 Nec
337 2639 420 2719 plura
436 2646 572 2719 possunt,
590 2646 716 2718 occupat
731 2657 837 2701 uocem
851 2657 943 2700 marc.

220 2741 291 2784 ecce
308 2723 363 2783 alia
380 2724 488 2786 clades.
520 2723 643 2786 fulmine
657 2725 723 2784 irati
739 2723 819 2784 louis

218 2884 422 2894 ——-..—.

286 2978 336 3027 522
353 2976 421 3027 sidit
439 2978 478 3028 εΑ
505 2978 619 3043 sedito·
642 2974 654 3045 Η
677 2980 728 3030 524
744 2978 835 3028 lutera
853 2977 878 3026 E
900 2972 912 3042 11
935 2978 1067 3043 populatu
1084 2987 1108 3043 ψ
1127 2975 1137 3044 ll

218 3046 267 3095 527
291 3049 390 3094 trunca
411 3045 437 3093 Ε
453 3046 558 3111 Raptum
575 3048 650 3097 IPal.
671 3047 710 3096 G?
739 3049 851 3096 trunotu
874 3046 950 3096 IPat.
981 3050 1089 3096 structu
1110 3055 1135 3109 ψ

218 3112 310 3161 fracte
328 3113 395 3161 Anu
405 3107 417 3175 ll
430 3114 529 3178 puppis
548 3115 588 3164 eA
607 3114 696 3179 turpis
713 3110 761 3180 ψΙΙ
773 3113 823 3163 528
842 3127 887 3163 ars
906 3113 992 3163 cessit
1010 3113 1090 3164 malis
1109 3114 1136 3163 E

217 3180 248 3229 in
270 3180 379 3246 magnis
403 3180 484 3231 mulis
507 3181 531 3229 A
561 3178 574 3249 11
602 3183 652 3234 535
673 3181 862 3247 Agamemnon
882 3181 988 3246 priamo
1007 3180 1033 3230 E
1060 3180 1138 3246 Aga·

218 3261 318 3298 menon
341 3263 381 3312 pr.
401 3256 424 3313 ψ
446 3264 515 3299 corr.
541 3250 619 3301 Gran.
646 3250 756 3300 Priamo
779 3250 968 3315 Agamemnon
992 3263 1011 3299 ot
1039 3245 1051 3314 ΙΙ
1084 3250 1137 3299 536

217 3315 319 3365 meruit
335 3315 386 3365 EA
405 3317 537 3382 potuitrp
560 3314 572 3384 {l
595 3316 683 3383 gradu
700 3317 726 3367 Ε
743 3332 827 3368 manu
845 3318 869 3367 A
891 3314 902 3384 ΙΙ
925 3318 976 3368 537
994 3316 1066 3381 tegit
1082 3315 1135 3366 ΕΑ

216 3383 317 3447 premit
334 3384 470 3434 Fabricios
492 3381 504 3450 ΙΙ
526 3386 577 3436 538
594 3386 690 3436 furunt
707 3385 732 3434 Ε
744 3387 768 3436 n
774 3388 807 3435 10
817 3400 951 3449 suprascr.
972 3384 1065 3434 ferent
1083 3384 1107 3433 A
1126 3382 1136 3448 ΙΙ

217 3452 267 3502 539
285 3456 448 3502 consumunt
466 3452 526 3501 ltro
543 3448 554 3518 ΙΙ
571 3455 621 3504 540
639 3452 786 3503 Perdeuda
803 3452 853 3518 Εψ
871 3451 1006 3502 Pudenda
1023 3453 1048 3502 A
1061 3449 1072 3517 ll
1085 3453 1137 3502 546

216 3532 241 3577 p·
267 3522 291 3538 Α
311 3520 401 3564 *²³22
419 3519 445 3568 Ε
463 3518 560 3570 sistito
578 3521 628 3571 Bo.
645 3518 658 3588 l}
674 3522 723 3572 547
742 3528 771 3571 et
788 3525 864 3571 troas
881 3520 958 3571 uehit
976 3520 1030 3570 cM
1054 3524 1082 3570 et
1100 3519 1133 3569 T.
