2544 4046
378 262 812 340 rflounrssnnvurnaon.'
1003 272 1062 336 121

141 441 268 513 rogante
284 438 375 511 ponat
391 437 492 498 matre,
510 430 559 507 qui
575 446 635 489 non
652 437 696 488 est
712 429 776 505 pius
1118 442 1170 490 110

141 519 266 597 incipiat
280 534 296 576 a
312 534 370 575 me.
401 513 535 575 leruidos
550 513 672 574 iuuenes
687 529 761 573 anus

141 602 262 667 tenebo.
293 599 406 661 nullum
423 605 497 659 teste
513 617 561 658 me
577 596 725 658 fietnelas
1081 610 1116 658 ao

143 695 196 749 aut
211 688 236 746 si
251 684 369 764 aliquod
386 693 415 744 et
430 701 478 743 me
492 691 570 744 teste
585 682 729 742 committi
744 689 841 760 potest

144 789 206 832 non
222 771 273 830 liet
288 787 389 830 unum.

105 857 130 915 ε’
186 868 268 916 aur.
421 852 512 930 Signa
527 849 652 911 conlatis
666 850 777 911 micant

144 942 243 1002 uicina
259 939 360 1017 signis,
385 933 749 996 clamorbostilislremit.
809 950 814 967 ¹
1117 963 1167 1012 415

146 1023 244 1086 scelus
259 1024 290 1082 in
306 1023 475 1101 propinquo
491 1027 550 1080 est:
567 1037 679 1097 occupa
696 1026 789 1079 mater
805 1036 919 1098 preces.

145 1115 176 1171 et
191 1126 261 1169 ecce
277 1114 372 1168 motos
387 1104 505 1165 fletibus
519 1103 623 1164 credas
639 1106 722 1171 meis,
1082 1130 1114 1179 55

145 1196 189 1255 sic
205 1208 311 1269 agmen
327 1191 417 1250 armis
432 1206 523 1267 segne
540 1190 700 1268 conpositis
715 1189 806 1248 uenit.

145 1277 283 1356 procedit
297 1277 375 1336 acies
390 1273 483 1341 tarda,
501 1272 552 1334 sed
568 1279 732 1352 properant
746 1272 847 1334 duces.

106 1359 134 1420 f'
189 1372 259 1421 100.
283 1359 355 1429 Quis
371 1377 419 1420 me
434 1356 582 1437 procellae
596 1357 716 1418 turbine
732 1358 836 1418 insano
851 1355 964 1417 uehens
1114 1366 1168 1416 420

147 1445 270 1507 uolucer
285 1460 340 1523 per
355 1460 442 1503 auras
458 1449 564 1504 uentus
580 1441 726 1502 aetherias
742 1442 826 1519 aget?

146 1548 223 1608 quac
239 1529 352 1607 Sphinx
368 1526 417 1589 uel
432 1536 496 1588 atra
511 1525 591 1586 nube
606 1526 765 1587 subtexens
781 1525 858 1586 diem
1081 1535 1115 1584 60
1185 1597 1189 1605 ι

147 1613 327 1694 Stymphalis
344 1611 441 1673 auidis
457 1618 628 1690 praepetem
644 1612 750 1690 pennis
765 1609 859 1672 ieretl

148 1707 200 1760 aut
215 1717 290 1777 quae
305 1715 359 1776 per
375 1696 448 1757 altas
462 1698 539 1758 aeris
554 1697 650 1773 rapiet
664 1697 728 1755 uias

149 1782 278 1862 Harpyia
294 1782 374 1842 saeui
389 1782 468 1858 regis
484 1780 648 1841 obseruans
663 1781 771 1840 lamam
1113 1790 1165 1840 425

151 1875 181 1929 et
196 1869 273 1928 inter
289 1868 366 1927 acies
381 1866 505 1943 proiciet
520 1872 634 1942 raptam
650 1865 741 1925 duas?

101 1949 138 2011 e''
195 1964 269 2012 sar.
293 1950 377 2011 Vadit
393 1947 683 2011 iurentisimilisaut
699 1950 784 2009 etiam
800 1948 879 2010 furit.
1080 1960 1113 2010 65

147 2038 254 2115 sagitta
271 2034 365 2113 qualis
383 2034 515 2112 parthica
531 2032 617 2095 uelox
633 2051 723 2094 manu

148 2138 272 2182 excussa
289 2120 392 2189 fertur,
409 2118 504 2197 qualis
519 2118 621 2178 insano
637 2119 708 2179 ratis

147 2212 304 2285 premente
320 2213 409 2264 uento
425 2204 538 2280 rapitur
554 2212 604 2262 aut
618 2202 710 2281 qualis
726 2204 803 2265 cadit
1001 2240 1009 2255 ι
1110 2218 1165 2268 tao

148 2289 268 2366 delapsa
284 2286 367 2349 caelo
382 2286 474 2357 stella,
491 2306 557 2348 curu
575 2290 723 2364 stringens
737 2288 837 2368 polum

148 2381 262 2435 rectam
279 2373 373 2445 citatis
388 2372 506 2449 ignibus
521 2373 633 2449 rumpit
649 2372 741 2431 uiam:
884 2402 906 2447 p,
920 2402 1048 2446 xxxxv„
1079 2387 1112 2437 ⁷0

103 2455 135 2516 f'
192 2458 323 2518 Attonita
339 2475 428 2518 cursu
444 2456 517 2534 lugit
533 2467 562 2517 et
576 2455 660 2516 binas
674 2458 770 2517 statim

148 2542 264 2605 diduxit
280 2543 368 2602 acies.
398 2542 474 2601 nicta
490 2549 622 2602 materna
638 2560 728 2619 prece

147 2628 274 2689 haesere
289 2625 366 2686 bella
381 2627 500 2703 iamque
516 2628 545 2686 in
561 2625 701 2687 alternam
718 2644 822 2688 necem
1109 2649 1164 2699 430

146 2710 229 2772 illinc
245 2718 274 2772 et
288 2711 356 2770 hinc
373 2712 497 2771 miscere
513 2709 665 2790 cupientes
679 2729 785 2772 manus

146 2795 256 2858 librata
273 2794 376 2855 dextra
394 2794 448 2855 tela
464 2812 606 2874 suspensa
622 2803 732 2857 tenent.
1078 2817 1111 2867 75

146 2881 216 2961 paci
232 2880 357 2954 lauetur,
375 2881 506 2941 omnium
523 2879 636 2941 serrum
651 2881 726 2941 iacet

143 3049 351 3060 -.-.-..-—--

216 3168 248 3219 51
268 3168 292 3218 si
311 3166 382 3233 quod
399 3168 425 3217 A
444 3168 468 3217 si
486 3167 592 3232 aliquot
609 3167 634 3216 E
656 3165 668 3234 ll
696 3170 729 3220 52
746 3170 862 3222 anno
878 3176 965 3226 omli
981 3179 1062 3230 uerba

145 3236 247 3301 ‘sigua
265 3232 319 3300 (52)
338 3251 438 3301 -pro
460 3251 474 3286 e
498 3239 554 3285 ect’
574 3232 629 3299 (54)
656 3239 741 3288 nautio
764 3241 810 3290 dat
833 3240 960 3295 Swoboda
988 3244 1000 3311 ΙΙ
1027 3249 1061 3298 bl

144 3306 236 3355 nuntio
252 3304 342 3354 tribuit
358 3252 456 3369 Ball
477 3305 510 3355 68
532 3301 604 3353 ΙΟΟ.
621 3320 668 3358 om.
685 3305 710 3354 E
738 3302 751 3375 ss
778 3309 812 3359 65
830 3315 912 3376 utque
931 3314 1016 3364 etiam
1035 3315 1060 3365 A

145 3377 198 3422 aut
217 3372 302 3422 etiem
321 3378 359 3434 erp
382 3367 394 3438 ll
416 3372 449 3421 69
467 3371 582 3437 delapso
600 3371 625 3420 E
647 3368 659 3439 Η
682 3375 713 3423 72
732 3374 884 3442 deduxitqt
907 3376 919 3445 ΙΙ
942 3382 975 3432 ‘ta
992 3382 1060 3431 iam·

145 3455 201 3506 que
219 3455 290 3491 corr.
308 3456 340 3489 m.
361 3442 379 3489 3
397 3455 432 3489 ex
449 3440 593 3504 omniaque
622 3436 635 3506 ΙΙ
663 3443 696 3492 75
712 3444 826 3495 uibrata
842 3445 902 3496 tela
918 3449 1063 3501 continent

143 3506 245 3559 dextra
263 3522 314 3557 sua
333 3508 358 3556 A
387 3507 500 3558 uibrata
522 3509 619 3557 dextra
641 3510 836 3578 tclasuspenca
853 3518 952 3567 tenent
968 3516 994 3566 E
1017 3516 1059 3569 ll·

142 3577 229 3628 brata
248 3575 324 3625 NHc.
352 3570 365 3640 ll
393 3577 425 3625 76
442 3576 512 3626 l'etet
531 3576 554 3624 Α
576 3576 652 3626 iacet
668 3577 694 3626 E
722 3576 735 3644 ss
