2544 4046
238 269 279 337 68
520 284 551 332 n.
568 283 700 332 aunam
716 282 873 333 snuucau

205 444 223 496 d
282 426 386 488 Hunc
402 424 514 485 iacinus
530 424 636 501 ingens
651 440 741 485 ansus
757 431 906 502 assumpta
921 425 951 484 in
967 423 1066 487 scelus

239 516 377 573 consorte
392 509 486 569 nostri
501 508 632 587 pertidus
647 507 769 568 thalami
786 508 895 570 auehit.

238 596 308 657 hinc
324 611 412 655 omne
428 592 520 654 cladis
535 601 655 653 mutuae
669 591 754 654 tinxit
768 591 888 654 malum.

238 697 294 759 per
308 697 402 756 regna
418 678 552 759 trepidus
568 675 636 739 exul
652 679 752 738 erraui
766 695 842 738 mea.

239 783 308 845 pars
323 762 403 824 nulia
419 765 536 841 generis
550 769 612 823 tuta
628 761 665 822 ab
680 762 792 824 insidiis
806 771 902 823 uacat.

204 858 231 918 d'
286 850 433 927 Corrupto
448 850 593 916 coniunx,
609 847 717 926 imperi
733 863 838 925 quassa
855 854 900 907 est
914 847 994 917 tides,

240 933 346 996 domus
363 950 466 1009 aegra,
484 931 591 993 dubius
606 932 726 1009 sanguis
742 938 801 1008 ests,
820 932 895 992 certi
909 931 982 993 nihil

241 1019 298 1080 nisi
312 1018 405 1078 irater
420 1015 521 1078 hostis.
549 1015 617 1095 quid
634 1016 754 1095 stupesi
770 1015 890 1077 tandem
906 1018 1003 1095 incipe

242 1103 400 1179 animoque
416 1118 500 1161 sume
515 1098 671 1161 Tantalum
688 1107 717 1160 et
731 1098 872 1180 Pelopem
888 1103 1001 1179 aspice:

241 1188 277 1250 ad
292 1187 368 1248 haee
383 1203 488 1246 manus
504 1182 819 1264 exempla'poscuntnr
834 1203 926 1246 meae.

207 1290 225 1341 d
284 1270 409 1332 Protare
424 1270 522 1331 dirum
538 1286 595 1348 qua
612 1275 701 1349 caput
717 1277 844 1331 mactem
859 1273 917 1330 uia.
968 1308 972 1325 .

241 1370 315 1419 sar.
343 1355 425 1417 ierro
440 1360 615 1434 peremptus
629 1354 763 1431 spiritum
778 1355 932 1416 inimicum
948 1365 1066 1434 expuat.

241 1455 320 1502 ΛΤΒ.
348 1439 385 1501 de
400 1441 460 1500 fine
474 1457 589 1518 poenae
603 1437 745 1517 loqueris,
763 1456 818 1517 ego
834 1456 962 1516 poenam
977 1439 1056 1502 uolo.

242 1526 368 1605 perimat
383 1533 525 1603 tyrannus
541 1523 630 1593 lenis,
646 1525 677 1583 in
692 1540 787 1601 regno
802 1542 869 1584 meo

242 1626 323 1671 mors
339 1610 516 1687 inpetratur.

243 1708 318 1756 ΒΛΤ.
551 1691 631 1753 nnita
656 1700 684 1752 te
699 1695 822 1771 pietas
836 1694 955 1754 mouet?

207 1792 233 1850 d'
288 1791 368 1838 ΛΤΒ.
391 1776 509 1839 Excede
524 1779 656 1857 pietas,
673 1777 801 1838 simodo
817 1779 847 1838 in
863 1787 964 1841 nostra
979 1778 1068 1841 domo

242 1881 384 1941 umquam
400 1863 489 1924 suisti.
516 1863 579 1923 dira
596 1863 742 1926 ioriarum
758 1864 868 1925 cohors

244 1950 417 2025 discorsque
433 1947 561 2027 Erinnys
581 1952 682 2010 ueniat
697 1954 725 2008 et
741 1948 873 2025 geminas
889 1950 968 2011 iaces

244 2035 381 2110 Megaera
397 2033 541 2112 quatiens.
569 2051 629 2094 non
645 2034 715 2095 satis
730 2050 838 2111 magno
855 2052 954 2097 meum

244 2117 329 2180 ardet
342 2118 445 2179 surore
460 2124 578 2196 pectus,
594 2118 702 2198 inpleri
717 2119 798 2179 iuuat

244 2204 356 2265 maiore
371 2214 514 2264 monstro.

211 2309 226 2343 e
284 2300 359 2349 ΒΛΤ.
571 2287 646 2358 Quid
662 2289 733 2349 noui
748 2286 870 2349 rabidus
884 2288 992 2348 struis?

245 2387 324 2434 ΛΤΒ.
348 2371 391 2433 nil
406 2371 486 2452 quod
502 2371 646 2434 doloris
662 2375 758 2452 capiat
774 2375 882 2433 assueti
898 2373 1028 2435 modum.

246 2456 359 2519 nullum
374 2455 539 2537 relinquam
556 2457 670 2519 iacinus
685 2464 715 2518 et
728 2456 842 2519 nulium
858 2464 903 2519 est
917 2459 997 2519 satis.

211 2537 235 2597 e'
289 2552 364 2603 ΒΛΤ.
382 2541 527 2604 Ferrumi

246 2638 325 2686 ΛΤΒ.
494 2643 599 2704 parum
616 2634 669 2688 cst.

246 2723 321 2771 ΒΛΤ.
653 2710 723 2789 quid
739 2711 832 2789 ignis?
1137 2724 1163 2766 r.
1177 2718 1249 2768 cusu

246 2807 326 2855 ΛΤΒ.
800 2798 968 2857 etiamnunc
983 2813 1090 2875 parum
1107 2805 1164 2860 est.

247 2892 322 2941 ΒΛΤ.
339 2895 467 2957 quonam
484 2895 556 2956 ergo
569 2877 631 2940 telo
646 2886 745 2941 tantus
761 2887 861 2942 utetur
876 2879 1004 2941 dolor?

246 2976 326 3024 ΛΤΒ.
341 2963 408 3042 ipso
423 2961 558 3044 Thyeste.

249 3060 323 3109 sar.
588 3050 814 3112 maiushocira
830 3048 1008 3112 estmalum.

218 3147 232 3197 f
283 3144 361 3192 ΛΤΒ.
388 3131 505 3195 Fateor.
533 3133 719 3197 tumultus
734 3143 855 3213 pectora
872 3138 1056 3198 attonitus
1072 3138 1168 3216 quatit
1184 3152 1227 3203 tot

246 3218 424 3296 penitusque
439 3217 541 3289 notuit,
558 3221 659 3299 rapior
675 3228 705 3281 et
719 3238 789 3299 quo
805 3222 947 3290 neseio,

314 3423 365 3472 28³1
388 3421 493 3471 errauit
511 3423 536 3473 Α
564 3423 656 3473 emani
673 3423 699 3474 E
732 3420 745 3490 [i
778 3424 829 3476 238
851 3423 929 3475 nulla
952 3423 1039 3475 nostri
1057 3421 1168 3488 (nostra
1251 3404 1252 3483 i

247 3487 319 3551 ψ),4
342 3488 419 3538 nullo
438 3491 549 3555 generis
567 3490 634 3539 EM
667 3487 680 3556 ΙΙ
719 3492 771 3542 244
788 3493 891 3543 iactam
908 3492 934 3542 E
954 3497 1075 3543 mortem
1094 3495 1120 3547 A
1145 3490 1157 3559 Η
1250 3510 1251 3551 i

248 3554 299 3603 248
316 3558 481 3620 impetretur
498 3574 517 3607 α
545 3554 557 3623 ΙΙ
