2576 4044
510 287 710 336 AGAMEMNO

151 427 224 506 quid
239 428 303 506 ipse
319 433 408 487 temet
424 425 554 488 consulis
569 434 692 506 torques
707 442 795 503 rogas

153 528 189 571 an
206 511 310 572 deceat
324 510 382 571 hoc
396 512 444 571 tel
467 512 583 590 respice
599 511 634 570 ad
651 518 791 571 matrem:
815 511 909 572 decet.

195 594 252 655 Sed
269 614 322 656 cur
336 603 460 674 repente
476 595 570 655 noctis
586 597 714 655 aestiuae
730 597 810 656 uices

151 678 274 741 hiberna
290 679 377 757 longa
393 681 484 757 spatia
501 679 670 759 producunt
684 696 767 739 mora

152 772 203 823 aut
217 764 287 843 quid
304 764 443 825 cadentes
459 764 569 826 detinet
585 762 684 825 stellas
698 762 786 841 polo?

150 846 304 909 Phoebum
319 866 481 910 moramur.
513 846 605 908 redde
621 849 678 907 iam
695 847 805 908 mundo
822 848 910 910 diem.

445 1140 447 1145 ⁴
537 1112 684 1160 CHORV&

119 1291 136 1326 a
350 1268 374 1328 0
390 1286 550 1346 regnorum
567 1270 683 1345 magnis
699 1267 784 1328 fallax

307 1352 423 1412 lortuna
441 1352 528 1412 bonis
543 1354 572 1411 io
588 1353 741 1429 praecipiti

307 1435 457 1515 dubioque
472 1436 552 1496 locas
565 1437 655 1498 uimis
670 1434 812 1496 excelsos

307 1537 467 1598 numquam
483 1518 628 1598 placidam
644 1527 760 1596 sceptra
777 1521 907 1599 quietem

306 1609 461 1665 certumue
475 1604 520 1664 sui
536 1611 659 1664 tenuere
671 1599 770 1673 diem,

306 1686 361 1747 alia
380 1706 414 1747 ex
431 1687 494 1749 aliis
510 1706 582 1749 cura
597 1689 700 1766 fatigat

305 1779 451 1852 uexatque
467 1773 579 1833 animos
595 1790 672 1832 noua
689 1780 858 1851 tempestas.

348 1939 413 1999 Non
429 1941 472 2000 sic
487 1939 591 2020 libycis
607 1940 737 2018 syrtibus
752 1959 864 2019 aequor

306 2025 377 2084 iurit
392 2023 522 2085 alternos
538 2022 661 2085 uoluere
676 2023 798 2094 fluctus,

306 2124 364 2167 non
380 2107 487 2167 Euxini
502 2115 602 2187 turget
617 2108 653 2169 ab
669 2109 734 2168 imis

306 2200 442 2252 corr‘mota
459 2192 542 2252 uadis

305 2276 382 2336 unda
398 2275 489 2336 niuali
507 2277 606 2337 uicina
622 2275 706 2353 polo,

305 2359 356 2420 ubi
372 2358 514 2420 caeruleis
529 2361 658 2419 inmunis
674 2362 757 2439 aquis

307 2443 403 2504 lucida
419 2450 520 2504 uersat
534 2443 664 2522 plaustra
681 2444 799 2504 Bootes.

350 2610 386 2670 Vt
402 2613 634 2691 praecipites
650 2629 754 2690 regum
771 2630 855 2672 casus

307 2695 424 2756 fortuna
440 2703 527 2755 rotat.

307 2780 398 2839 metui
414 2781 537 2857 cupiunt
552 2781 704 2858 metuique
719 2782 833 2840 timent.

306 2881 366 2922 noo
382 2881 441 2923 nox
456 2862 511 2923 illis
527 2863 602 2924 aloru
620 2881 757 2925 recessus

306 2947 431 3025 praebet
445 2954 539 3017 tutos,
556 2966 616 3009 uon
632 2966 772 3008 curarum

305 3049 427 3092 somnus
443 3032 570 3093 domitor
586 3041 706 3111 pectora
723 3031 822 3092 soluit.

222 3286 254 3333 51
274 3283 352 3334 timet
370 3284 396 3333 Ε
424 3280 436 3350 ΙΙ
465 3286 498 3334 52
516 3284 552 3333 cd
571 3283 677 3334 eOrtel.
698 3287 728 3334 ut
745 3286 770 3334 Α
791 3293 866 3349 aurp
892 3281 904 3350 ll
933 3285 966 3334 56
985 3282 1072 3334 reddo

155 3352 234 3402 oron.
251 3346 313 3416 1167
333 3350 355 3400 0
374 3367 421 3402 om.
440 3348 491 3418 ψ·ΙΙ
508 3353 540 3402 69
558 3352 592 3403 D.
607 3351 627 3402 1.
642 3350 767 3402 excelsos
783 3352 865 3401 nimis
884 3351 909 3399 Ε
926 3351 1007 3400 nimis
1026 3366 1072 3399 ox·

155 3417 245 3469 celsos
263 3418 405 3468 LMoeller.
429 3420 464 3472 Ι).
481 3418 563 3469 nimis
581 3418 693 3470 excelsa
710 3417 787 3468 locas
805 3420 830 3469 A
861 3417 973 3469 excelsa
991 3418 1073 3468 nimis

154 3486 205 3536 Bo.
227 3481 240 3551 {l
260 3486 292 3534 62
312 3501 345 3536 ex
358 3486 421 3537 aliis
433 3503 454 3537 co
473 3502 506 3537 cx
525 3484 586 3536 clia
605 3487 799 3550 Repicmoutaoi
815 3487 880 3537 liber
902 3481 915 3551 Η
938 3480 971 3536 63
989 3489 1074 3537 uexat

155 3554 213 3618 (om.
234 3552 298 3618 que)
317 3553 342 3603 E
371 3544 383 3619 ΙΙ
411 3555 443 3605 66
464 3552 566 3616 euxini)
587 3569 621 3603 eu
638 3556 664 3604 in
682 3568 735 3605 ras.
753 3552 790 3603 Ε3
818 3552 830 3619 ΙΙ

207 3652 331 3688 aruceus
345 3651 426 3691 ruso.
829 3634 869 3699 21
