2504 4040
177 255 243 319 298
463 269 493 315 u.
512 266 643 314 apuam
659 265 817 314 sausoure

178 411 272 488 pietas
287 413 382 469 uetat:
400 423 527 486 namque
543 405 619 466 istud
636 413 669 465 ut
684 405 792 481 possim
808 405 868 482 pati

177 511 238 553 uun
253 494 317 571 ipse
333 500 443 553 memet
459 498 545 568 cogat
561 499 590 550 et
604 508 656 570 rex
673 497 703 548 et
717 507 813 550 socer.

177 579 252 638 haec
267 594 354 637 causa
370 577 449 637 uitae
465 584 511 636 est
526 575 582 634 hoe
597 576 711 653 perusti
727 575 857 654 pectoris

178 663 259 723 curis
274 660 464 728 leuamen,
482 661 587 737 spiritu
603 660 690 720 citius
704 677 809 737 queam

180 762 284 806 carere
299 744 443 807 membris
458 744 533 804 luce.

71 906 75 914 1
178 844 263 891 Mun.
310 872 311 877 η
596 828 900 903 sicgnatosamatl

178 915 254 976 bene
271 923 330 976 est:
348 920 478 982 tenetur,
495 910 611 971 uulneri
626 913 720 989 patuit
735 911 826 972 locus
843 945 886 956 -

141 1027 160 1061 0
221 1000 365 1077 Suprema
382 1005 462 1057 certe
478 996 565 1056 liceat
579 995 738 1055 abeuntem
754 995 836 1075 loqui

179 1084 334 1151 mandata,
352 1081 438 1142 liceat
452 1080 587 1142 ultimum
604 1078 772 1159 amplexum
788 1081 873 1141 dare:

178 1174 295 1246 gratum
312 1175 356 1227 est
371 1175 399 1227 et
414 1165 496 1225 illud.
528 1182 601 1223 uoce
617 1166 674 1224 iam
691 1172 822 1225 extrema
838 1172 906 1243 pcto

178 1270 216 1312 ne
231 1254 256 1311 si
272 1271 328 1332 qua
345 1259 447 1311 noster
461 1249 568 1310 dubius
583 1248 687 1308 effudit
701 1247 788 1309 dolor

178 1344 318 1397 maneant
331 1337 361 1395 in
377 1336 474 1396 animo
490 1333 591 1395 uerba.
623 1332 754 1394 melioris
769 1332 821 1393 tibi

178 1422 321 1482 memoria
338 1421 432 1480 nostri
447 1420 562 1489 sedeat,
578 1419 652 1478 haec
667 1419 729 1478 irae
744 1418 811 1478 data

178 1505 398 1566 oblitterentur.

178 1601 244 1649 ras.
426 1590 524 1648 omnia
541 1607 576 1648 ex
593 1588 692 1647 auimo
709 1586 807 1665 expuli

178 1691 344 1751 precorque
360 1680 389 1733 et
403 1674 467 1748 ipsa
484 1672 630 1733 leruidam
646 1679 679 1730 ut
694 1679 822 1731 mentem
838 1687 925 1749 regas

178 1757 353 1836 placideque
368 1763 492 1817 tractes:
515 1758 648 1816 miserias
663 1755 737 1815 lenit
755 1756 848 1834 quies.

141 1870 161 1919 p
222 1855 307 1901 Mun.
329 1841 477 1902 Discessit.
507 1843 586 1901 itane
602 1841 663 1901 est?
684 1840 767 1900 uadis
783 1838 890 1901 oblitus
905 1842 963 1901 mei

180 1934 208 1987 et
222 1933 265 1986 tot
280 1944 414 1986 meorum
431 1926 615 1986 facinorum?
637 1924 799 1985 excidimus
814 1923 887 1984 ubit

178 2029 338 2090 numquam
355 2011 534 2071 excidemus.
564 2010 622 2069 hoc
637 2026 691 2086 age
707 2010 804 2068 omnis
819 2008 931 2069 aduoca

178 2098 259 2157 uires
275 2103 304 2156 et
319 2103 407 2156 artes
439 2094 553 2154 lructus
569 2101 612 2154 est
628 2093 774 2153 scelerum
791 2092 842 2152 tibi

178 2180 292 2241 nullum
309 2179 406 2241 scelus
421 2190 537 2258 putare.
569 2179 618 2237 uix
635 2178 731 2239 fraudi
747 2185 790 2237 est
804 2176 902 2238 locus:

142 2267 170 2341 p'
202 2265 382 2329 0'limemur.
414 2264 470 2324 liar
485 2263 649 2341 aggredere
665 2280 720 2338 qua
739 2280 826 2322 nemo
842 2270 941 2339 potest

179 2351 336 2428 quicquam
352 2350 465 2410 timere.
497 2366 597 2425 perge.
628 2365 709 2408 nuuc
724 2347 799 2407 aude
815 2347 913 2424 incipe

67 2453 70 2458 ·
179 2434 319 2514 quiequid
336 2441 432 2511 potest
447 2434 548 2494 Medea
565 2432 703 2511 quicquid
721 2449 781 2490 nou
798 2438 904 2509 potest.

179 2526 211 2579 tu
228 2518 284 2578 fida
301 2519 399 2578 nutrix
415 2518 494 2578 socia
511 2518 653 2576 maeroris
668 2517 727 2576 mei

181 2603 316 2680 dariique
332 2619 418 2662 casus
433 2604 540 2662 misera
557 2600 677 2660 consilia
695 2600 811 2659 adiuua.

143 2687 170 2746 0'
225 2687 276 2746 Est
291 2685 368 2763 palla
384 2684 470 2746 nobis
486 2703 592 2746 munus
608 2684 771 2744 aetherium
788 2684 894 2743 domus
993 2730 999 2740 .

178 2770 330 2847 decusque
344 2771 429 2847 regni
445 2771 551 2848 pignus
565 2770 673 2829 Aeetae
689 2768 789 2829 datum

178 2873 194 2913 a
211 2853 280 2913 Sole
296 2856 428 2931 generis,
445 2861 532 2912 estet
548 2871 621 2914 auro
636 2853 730 2913 textili

246 3074 296 3123 548
314 3071 387 3121 haud
405 3086 513 3135 possum
534 3072 556 3120 A
576 3075 606 3120 ut
624 3073 725 3135 possim
744 3072 769 3120 E
780 3067 792 3138 ll
808 3072 858 3121 549
876 3086 931 3121 non
950 3071 974 3120 si
992 3071 1052 3135 ipse
1070 3071 1095 3120 A

178 3156 233 3190 non
252 3141 311 3203 ipae
329 3139 355 3188 Ε
370 3135 382 3205 Η
398 3140 448 3188 552
467 3139 491 3188 ai
510 3138 556 3187 hic
574 3143 657 3188 natos
675 3140 700 3189 A
719 3139 844 3204 signatos
862 3138 888 3187 Ε
903 3134 916 3203 ΙΙ
932 3140 982 3189 568
1000 3138 1097 3186 melior

177 3207 230 3257 tior
248 3215 272 3272 ψ
291 3206 341 3256 aaa
359 3206 456 3256 metior
474 3207 524 3255 taur
542 3206 567 3255 A
590 3205 713 3257 melioris
732 3207 784 3256 tabi
802 3192 838 3255 a*
850 3201 861 3272 q
885 3208 935 3256 aaa
954 3206 1053 3255 subeat
1071 3206 1095 3254 A

177 3275 277 3325 sedeat
294 3274 319 3323 Ε
339 3270 351 3340 ll
372 3275 420 3323 ost
438 3274 499 3337 ipse
518 3274 567 3337 Εψ
586 3275 646 3339 ipsa
664 3276 689 3323 A
711 3270 722 3340 Η
742 3276 793 3325 565
812 3274 923 3324 excides
941 3274 967 3323 Ε
986 3272 1096 3322 excide·

177 3358 238 3393 mus
250 3344 275 3393 A
287 3338 299 3410 [Ι
311 3344 361 3393 568
392 3356 456 3390 uem
469 3357 488 3390 α
501 3340 567 3405 (qua
580 3344 632 3395 tad.
644 3341 709 3407 err.)
723 3339 735 3408 ll
751 3343 929 3406 670potesA
942 3339 1070 3405 poteatE
1088 3337 1098 3405 ΙΙ

176 3410 278 3460 Medea
290 3356 392 3475 cmlii
404 3413 483 3473 potes
496 3409 521 3458 A
534 3415 627 3474 potest
636 3409 661 3458 Ε
672 3406 685 3475 ΙΙ
696 3413 746 3461 573
759 3410 907 3472 ethereed
921 3408 1064 3459 aetheriae
1078 3422 1097 3456 α

178 3478 332 3527 aetherium
350 3476 375 3525 Ε
398 3473 411 3543 ss
434 3478 483 3526 stt
502 3480 563 3525 oete
581 3481 623 3526 uel
644 3478 727 3527 catha
745 3486 769 3541 ψ
792 3477 899 3528 aetoli
927 3478 1033 3527 Aeetae
1052 3491 1071 3525 α
1088 3471 1098 3540 ΙΙ

177 3547 229 3593 oto
247 3544 362 3608 gemmis
381 3545 405 3592 A
425 3544 537 3608 generis
555 3544 580 3592 Ε
603 3540 615 3608 [l
