2536 4046
275 253 379 301 xn1111
645 251 846 299 PRAEFATIO

275 413 309 469 ad
329 411 414 468 Theb.
435 410 514 475 402,
533 411 755 484 Zinzerlingi
781 411 1021 484 Thuringicus
1040 410 1223 485 (Gotbannsil

275 497 311 553 cl.
326 495 405 552 Herc
420 495 494 553 814.

338 584 554 654 Argumenta
576 580 778 653 tragoediarum
799 597 861 635 cum
881 582 973 636 omnia
987 581 1152 636 recentioris
1167 583 1223 637 ori-

276 665 350 739 ginis
364 667 421 721 sint
437 682 498 721 cum
513 666 564 721 hac
584 665 704 721 editione
719 666 887 738 coniungere
901 665 1051 720 noluimus.
1080 664 1155 721 Sunt
1174 683 1223 721 au·

277 758 331 805 tem
346 752 469 824 quinque
484 766 580 806 eorum
595 766 711 824 genera:
735 751 763 804 l.
778 766 849 822 quae
862 749 967 804 ultimis
983 748 1133 805 Aldinae
1147 750 1223 806 loliis

275 834 400 908 inpressa
420 833 534 891 suntab
550 836 611 908 ipso
627 834 658 889 H
674 836 825 889 Auantio
847 834 978 889 uidentur
991 836 1146 907 composita
1161 851 1223 890 csse

276 918 304 975 2,
327 926 489 993 argumenta
510 919 639 974 editionis
659 918 871 973 Basiliensis
893 918 1031 991 descripta
1053 928 1118 974 sunt
1139 935 1176 976 ex
1190 919 1222 975 H.

275 1003 445 1060 'lrauethi
465 996 666 1060 conmentariis'
681 1002 818 1074 (continet
837 1018 886 1057 eos
907 1003 992 1058 codes
1011 1003 1097 1059 Rebd.
1111 1020 1141 1058 n.
1158 1003 1221 1075 14).

276 1087 305 1144 3.
328 1088 475 1161 periochae
496 1089 607 1143 nomine
627 1087 766 1142 Lutatii
787 1087 962 1143 Grammatici
982 1103 998 1141 e
1017 1104 1069 1144 ms.
1093 1088 1154 1144 cod.
1176 1089 1223 1144 de·

276 1175 395 1246 scriptae
410 1173 555 1243 adeorgio
570 1169 695 1227 Fabricio
709 1187 766 1227 non
779 1172 915 1227 bactamii
927 1179 993 1227 sunt
1004 1171 1151 1228 Thebaidis
1166 1182 1224 1229 sta·

276 1257 366 1313 tianae
385 1258 548 1330 interpretis
562 1256 611 1312 sed
625 1255 804 1311 Albertini
819 1256 974 1312 Hussati.
1000 1259 1176 1331 repperimus
1190 1274 1223 1313 ea

275 1342 304 1396 in
325 1339 404 1396 libris
429 1342 567 1413 gotharis.
591 1360 616 1396 v.
631 1339 752 1396 Scriueri
770 1349 835 1395 nota
857 1349 885 1396 et
900 1338 1124 1413 Wollenbergius
1147 1342 1186 1412 (Z
1201 1341 1222 1397 l.

275 1428 307 1479 Α,
321 1440 395 1482 11111
410 1424 515 1498 (1860)
535 1443 562 1499 p.
580 1425 661 1496 717).
706 1424 737 1480 4.
764 1442 834 1498 quae
854 1426 883 1479 in
904 1424 1025 1481 editione
1046 1423 1223 1495 Gronouiana

277 1509 396 1583 singulis
411 1510 512 1565 labulis
527 1509 696 1582 praecedunt
711 1509 841 1565 confinxit
854 1508 1057 1565 l'arnablus.
1089 1510 1119 1566 5.
1139 1528 1223 1584 argu·

275 1601 366 1649 menta
388 1595 537 1649 metrica
553 1611 568 1648 a
584 1594 709 1648 liothio
730 1594 802 1649 edita
817 1601 883 1649 sunt
897 1593 1101 1667 Hieronymi
1114 1595 1221 1651 lialbi.

276 1677 390 1733 liothios
413 1693 445 1733 ea
466 1677 619 1751 desumpsit
639 1695 671 1734 er
687 1678 808 1733 editione
822 1677 939 1733 Caroli
953 1678 1128 1734 Feruandi
1150 1679 1181 1751 (i.
1197 1697 1221 1736 e

277 1761 338 1817 eod
359 1761 445 1817 Paris.
467 1761 550 1819 8035
575 1780 603 1818 u.
625 1779 708 1835 supra
729 1780 756 1835 p.
777 1778 922 1819 xxxvrm.
966 1761 1124 1836 Hieronymi
1143 1763 1220 1820 Balbi

276 1862 360 1919 opera
375 1847 483 1918 poetica
497 1846 562 1902 coll.
579 1847 604 1903 J.
619 1847 653 1901 de
667 1847 764 1902 Retzer
778 1846 890 1902 Vindob.
908 1847 988 1903 1791
1005 1847 1016 1902 l
1031 1846 1112 1919 247).

336 1929 480 1986 Postremo
497 1931 636 2005 quomodo
653 1931 750 1987 harum
765 1932 966 2004 tragoediarum
979 1931 1142 1988 edendarum
1154 1950 1222 2008 ope·

274 2031 333 2070 ram
348 2015 420 2071 inter
434 2032 487 2071 nos
501 2016 588 2071 simus
603 2017 698 2090 partiti
718 2022 749 2071 nt
763 2013 895 2072 breuibus
911 2016 1100 2080 ostendamus,
1122 2020 1221 2090 quinas

276 2106 392 2173 uterque
408 2099 512 2155 labulas
534 2102 611 2173 quasi
627 2100 792 2173 peculiarem
807 2101 966 2156 recensendi
981 2101 1152 2174 prouinciam
1169 2103 1221 2158 sibi

275 2183 360 2257 elegit
381 2182 447 2255 (am
471 2184 507 2239 H1
522 2183 543 2238 0
558 2184 600 2241 ΤΒ
614 2188 635 2239 Α
652 2185 700 2239 H11
719 2214 754 2223 —
772 2183 829 2239 GH:
852 2184 873 2239 7
889 2184 946 2239 lllr.
967 2184 1022 2241 Pir.
1037 2185 1081 2241 Pu
1100 2186 1125 2240 ll
1141 2187 1220 2258 Oct),

274 2268 322 2325 aed
337 2270 374 2324 ita
390 2276 422 2324 ut
436 2276 464 2324 et
485 2270 511 2323 in
528 2268 686 2325 adhibendis
701 2268 808 2324 auxiliis
826 2269 929 2326 criticis
950 2277 978 2323 et
997 2271 1026 2324 in
1041 2272 1137 2326 metris
1153 2288 1220 2327 con·

272 2353 421 2409 stitueudis
440 2370 491 2409 nec
511 2371 565 2409 non
586 2353 619 2409 in‘
639 2353 837 2428 orthographia
857 2361 885 2408 et
905 2354 985 2410 modo
1006 2355 1220 2428 interpungendi

262 2438 344 2513 ¹idem
361 2454 539 2512 sequeremur
553 2438 697 2494 consilium
712 2455 742 2493 ac
758 2440 900 2494 rationem.
931 2438 1005 2494 Hanc
1019 2439 1218 2511 praelationem

272 2531 301 2578 et
316 2522 418 2579 indices
435 2525 571 2579 communi
586 2522 679 2578 labore
695 2524 899 2596 conposuimns.

334 2637 499 2713 scripsimus
514 2655 606 2696 merse
622 2640 718 2695 llartio
733 2656 936 2698 nucccnxvn.

641 2924 842 2932 ——-
