2504 4040
578 265 702 312 MEDEA

180 405 218 465 sit
234 403 361 482 pretium
377 404 471 464 lason.

179 501 246 549 res.
496 488 569 548 cedo
584 488 718 548 defessus
734 487 826 549 malis,

145 580 163 628 h
225 573 261 633 Et
276 574 339 651 ipsa
355 591 442 633 casus
457 590 546 651 saepe
561 576 619 632 iam
636 579 774 649 expertos
787 574 867 632 time.

180 671 264 717 nnn.
283 658 400 717 lorluna
416 674 534 734 semper
550 658 645 717 omnis
660 659 737 717 inlra
754 676 800 716 me
816 656 905 716 stelit.
984 667 987 673 “

179 755 246 803 Ins.
263 742 386 802 Acastus
400 742 490 802 instat
504 776 546 786 —

179 839 265 886 ΜΕΙ).
586 826 708 905 propior
724 833 768 884 est
782 825 876 885 hostis
891 824 992 885 Creo.

144 908 171 966 h'
194 935 197 941 Δ
223 911 384 988 Vtrumque
400 910 534 989 profuge.
566 927 625 970 non
642 912 719 970 utin
736 927 874 970 socerum
890 927 993 971 manus
1116 918 1168 966 nno

180 1012 278 1054 armos
293 1012 348 1053 nec
364 1001 397 1053 nt
411 1001 440 1053 te
457 993 547 1071 caede
562 1003 685 1070 cognata
701 996 839 1072 inquines

179 1077 304 1139 Medea
320 1080 413 1153 cogit:
436 1080 580 1139 innocens
596 1096 711 1138 mecum
729 1080 808 1154 iuge.

144 1172 154 1219 i
221 1175 287 1223 ins.
312 1162 349 1221 Et
364 1163 429 1239 quis
444 1164 563 1223 resistet
578 1164 694 1240 gemina
710 1165 735 1221 si
751 1162 826 1222 bella
843 1164 1001 1239 ingranam

180 1247 255 1309 Creo
271 1254 359 1324 atque
373 1249 497 1307 Acastus
512 1265 592 1306 arma
609 1253 634 1307 si
649 1248 807 1323 iungunt
822 1248 892 1308 sual

144 1335 164 1388 i'
224 1345 309 1392 mun.
334 1331 385 1391 His
400 1331 484 1404 adice
501 1331 627 1392 Colchos
642 1332 724 1391 adice
741 1339 771 1392 et
785 1333 894 1391 Aeeten
912 1331 1016 1391 ducem
1115 1339 1168 1388 535

179 1417 302 1495 Scythas
317 1415 446 1492 Pelasgis
462 1416 592 1493 iunge:
615 1415 768 1475 demersos
782 1415 870 1475 dabo.

142 1508 163 1557 k
222 1513 288 1561 las.
312 1500 374 1560 dlla
391 1501 551 1559 extimesco
567 1507 693 1577 sceptra.

178 1600 264 1646 nnn.
716 1602 754 1644 ne
769 1586 871 1663 cupias
887 1583 966 1643 uide.

143 1669 170 1726 k'
223 1681 288 1729 ma.
313 1668 457 1746 Suspecta
473 1686 511 1728 ne
525 1668 584 1728 sinl
598 1667 684 1745 longa
701 1667 853 1746 conloquia
871 1676 997 1746 ampula.

143 1762 152 1810 l
223 1766 306 1814 unu.
331 1752 416 1812 Nunc
431 1770 545 1815 summe
561 1760 622 1812 toto
637 1752 768 1832 luppiter
784 1752 866 1814 eaelo
881 1760 960 1812 tona.

177 1837 297 1899 intende
312 1836 455 1897 dextram.
486 1837 620 1898 uindices
636 1838 890 1915 flammaspara
1113 1845 1166 1894 535

178 1940 356 2000 omnemque
372 1923 468 1998 ruptis
484 1920 612 1982 nubibus
628 1921 770 1982 mundum
787 1930 884 1999 quale.

144 2003 162 2062 l‘
223 2006 284 2067 Nec
300 2006 432 2081 diligenti
448 2005 503 2066 tela
520 2005 665 2065 librentur
681 2024 770 2065 manu
1050 2018 1071 2063 r.
1087 2018 1162 2061 evnn

176 2089 225 2151 uel
241 2109 289 2150 me
303 2089 353 2150 uel
368 2092 473 2149 istum:
491 2091 623 2168 quisquis
638 2110 654 2150 e
669 2090 756 2150 nobis
772 2091 857 2150 codol

177 2191 289 2235 nocens
303 2174 427 2251 peribit,
444 2191 504 2233 non
520 2182 618 2252 potest
632 2177 663 2233 in
679 2192 733 2235 nos
749 2183 831 2235 tuum

178 2257 446 2320 errarelulmen.
1048 2314 1053 2325 ,
1112 2270 1164 2318 540
1241 2310 1245 2315 ,

143 2368 170 2401 m
222 2355 288 2402 Ins,
486 2343 563 2402 Sana
579 2343 715 2402 meditari
730 2344 829 2420 incipe

176 2435 206 2488 et
221 2425 336 2505 placida
354 2425 426 2486 lare.
456 2426 574 2505 siquod
590 2445 625 2485 ex
641 2430 736 2486 soceri
753 2427 841 2486 domo

175 2517 274 2589 potest
287 2511 385 2588 lugam
402 2509 519 2570 leuare:
535 2509 699 2572 solamen
717 2521 791 2589 pete.

175 2609 260 2656 mnu.
278 2602 470 2655 contemnere
486 2597 602 2655 animus
616 2598 713 2672 regias
730 2604 761 2655 ut
775 2596 833 2657 scis
848 2614 919 2673 opes

174 2686 273 2758 polest
288 2677 439 2756 soletque,
454 2678 567 2740 liberos
584 2687 697 2739 lantum
713 2682 800 2759 lugae

175 2763 287 2824 habere
304 2765 426 2824 comites
442 2763 528 2824 liceat
543 2765 572 2822 in
589 2783 715 2842 quorum
732 2767 799 2825 sinu

175 2848 313 2909 lacrimas
329 2848 515 2926 profundam.
547 2856 575 2908 te
591 2852 662 2908 noui
678 2852 778 2925 gnati
795 2856 925 2910 manent.

140 2933 177 2991 m'
220 2945 285 2994 ins.
309 2933 418 2993 Parere
433 2931 573 3011 precibus
588 2951 698 3011 cupere
714 2953 761 2993 me
776 2936 871 2994 lateor
887 2935 959 3001 tuis,

174 3103 378 3112 ———.—--

241 3203 291 3254 523
310 3204 384 3253 intra
402 3202 428 3253 A
449 3203 525 3269 infra
543 3202 591 3252 ER
619 3198 631 3263 ll
660 3204 710 3253 524
727 3204 816 3252 MED.
835 3203 860 3252 Ε
883 3220 929 3254 om.
949 3204 974 3252 A
1004 3200 1015 3269 Η
1042 3205 1093 3254 did

173 3270 263 3319 MED.
281 3276 334 3321 utr.
354 3273 378 3320 A
408 3270 496 3320 MED.
515 3286 561 3320 om.
582 3270 606 3319 E
634 3265 646 3335 ΙΙ
675 3270 737 3320 nolo
757 3272 781 3320 A
811 3286 866 3321 non
884 3272 909 3321 E
936 3267 950 3339 d
978 3273 1028 3322 528
1051 3272 1094 3320 in·

174 3341 276 3400 grunni
287 3338 313 3388 A
331 3339 482 3403 ingruuant
493 3338 519 3387 Ε
530 3334 542 3403 ΙΙ
554 3340 604 3388 559
622 3338 739 3402 iungant
752 3339 793 3389 Αε
811 3340 938 3404 iungunt
954 3340 1056 3402 scripsi.
1076 3338 1091 3399 ll

173 3405 224 3454 5511
242 3403 333 3468 odijce
351 3407 466 3456 dealem
484 3407 510 3456 A
534 3405 614 3456 adice
634 3410 662 3455 et
681 3411 770 3455 celem
789 3407 814 3456 Ii
830 3404 842 3469 ll
866 3409 915 3458 537
939 3421 1049 3455 manum
1068 3404 1093 3454 E

174 3473 300 3588 mospquA
329 3472 467 3606 1153815
484 3489 527 3523 me
546 3474 571 3523 A
599 3474 645 3523 uel
663 3489 706 3523 me
724 3474 750 3523 Ε
779 3471 790 3540 ΙΙ
819 3476 868 3524 541
888 3476 912 3523 si
931 3473 995 3538 qnid
1014 3475 1038 3522 A
1068 3473 1093 3522 ei

173 3554 226 3603 ‘11¹⁰
290 3548 312 3604 ψ
