2536 4046
481 274 681 323 PRAEFATIO
985 276 1050 326 xxi

164 434 310 490 Praeterea
331 450 387 491 nou
402 451 549 509 numquam
564 434 611 490 ubi
632 434 659 490 iu
675 434 821 493 florentino
841 436 913 492 libro
934 437 1050 510 pristina

101 520 242 592 scriptura
258 534 335 575 erasa
352 527 395 575 cst
409 518 453 575 uel
470 518 629 582 obscurata,
652 519 724 577 illam
739 520 802 577 libri
818 520 931 577 Vindob.
949 521 1048 578 auxilio

99 619 293 678 agnoscimus:

159 721 219 789 112
236 719 289 777 iam
305 720 367 777 odia
382 712 456 776 E²A
592 732 658 779 uota
681 722 708 779 V

157 805 219 862 116
236 821 278 861 me
293 808 398 880 pariter
412 813 440 861 et
455 822 485 862 se
500 806 562 862 uin·
591 822 635 862 ms
650 806 760 885 uicit-et
775 823 805 864 se
819 809 912 865 nincat
935 807 960 864 V

237 898 280 946 cat
294 883 370 946 E²A

157 973 219 1030 273
237 966 562 1047 quorecid.E²inrus.A
593 969 797 1053 quo[ho]rsum
813 977 898 1034 excid.
922 975 950 1033 V

157 1057 220 1115 374
236 1060 371 1115 sociemus
388 1051 460 1114 ΑΕ2
591 1062 728 1117 sociemur
750 1055 821 1117 VE¹

177 1141 216 1200 62
234 1142 334 1200 deuicti
345 1145 374 1199 E
384 1143 404 1214 (i
414 1144 525 1216 iuras.)
539 1146 564 1201 Α
592 1145 699 1202 deuicta
723 1146 750 1202 V

197 1226 216 1285 8
233 1230 337 1302 tepenti
353 1221 426 1284 E²A
595 1238 704 1305 tepente
727 1230 784 1287 VR

170 1344 244 1413 Quae
259 1363 321 1403 cum
343 1346 381 1402 ita
396 1346 452 1403 sint
468 1347 516 1419 qui
536 1346 636 1403 librum
652 1347 888 1403 vindobonensem
908 1349 1056 1421 conposuit

103 1433 128 1488 is
150 1430 260 1487 uidetur
278 1431 307 1486 in
326 1431 506 1488 describendo
521 1431 663 1489 llcrculer
684 1439 795 1506 praeter
815 1430 902 1488 libros
922 1431 1051 1506 uolgares

105 1543 143 1556 -
167 1515 275 1572 eosdem
303 1517 431 1572 nimirum
458 1515 531 1572 unde
557 1524 663 1574 ceteras
683 1515 790 1573 labulas
816 1518 990 1590 transcripsit
1013 1547 1050 1559 -

104 1599 199 1656 codice
218 1616 287 1656 usus
309 1617 371 1656 csse
393 1600 437 1656 uel
458 1601 561 1658 codicis
577 1601 717 1658 cuiusdam
733 1601 894 1674 fragmentis
914 1603 1052 1658 recensio·

103 1685 146 1740 nis
172 1684 296 1741 melioris
323 1684 523 1742 uetustioribus
549 1685 711 1749 florentino,
741 1687 813 1743 unde
839 1685 1052 1743 Phoenissarum

104 1785 216 1843 qnoque
231 1769 374 1843 inscriptio
390 1769 505 1844 repetita
521 1771 566 1827 sit.
581 1771 639 1827 Nisi
654 1770 726 1826 lorte
741 1770 812 1827 hauc
825 1764 888 1825 libri
908 1769 935 1825 V
945 1778 1050 1844 partem

103 1861 232 1928 putamus
248 1854 281 1909 ad
297 1854 438 1910 tertiam
455 1855 588 1929 quandam
600 1855 690 1912 redire
703 1863 794 1911 tentus
809 1857 1050 1912 recensionem

102 1937 295 2011 antiquissimo
318 1946 441 2013 tempore
462 1938 574 2002 iactam,
597 1942 675 1996 cuius
695 1948 837 2014 praeterea
852 1938 957 1996 nullum
979 1946 1054 1995 extet

102 2023 263 2096 uestigium.
299 2021 353 2078 Sed
367 2024 428 2079 siue
442 2023 496 2079 boc
510 2025 570 2081 siue
585 2023 654 2080 illud
668 2024 796 2099 amplecti
810 2024 907 2086 males,
924 2024 977 2080 boc
992 2025 1052 2096 qui·

103 2108 164 2163 dem
180 2106 314 2164 concedes
328 2106 429 2164 librum
449 2108 543 2166 chrn
559 2109 587 2165 in
599 2111 697 2166 ceteris
713 2109 860 2184 tragoediis
875 2107 1053 2165 restituendis

103 2192 206 2247 nullius
227 2195 359 2248 momenti
380 2192 430 2256 sit,
454 2193 487 2249 ad
501 2192 644 2250 Herculem
662 2202 750 2251 tamen
766 2195 886 2268 priorem
907 2193 1053 2250 emendan-

103 2277 165 2333 dam
180 2274 328 2350 plurimum
342 2277 434 2334 ualere
442 2275 481 2349 *).

170 2376 303 2451 Superest
332 2385 363 2434 ut
388 2395 441 2453 qua
467 2381 574 2435 ratione
603 2380 636 2434 in
663 2378 809 2435 Octauia
838 2375 1053 2433 recensenda

104 2464 209 2519 uersati
230 2463 316 2518 simus
332 2462 489 2521 doceamus.
517 2466 607 2536 Atque
628 2479 724 2519 omnes
740 2461 848 2536 quidem
869 2460 955 2518 libros
970 2477 1051 2517 mscr.

105 2563 178 2622 quos
199 2547 319 2604 adhunc
332 2555 502 2621 praetentam
524 2547 716 2604 emendandam
731 2545 916 2610 adhibuimus,
937 2546 1053 2602 adeun·

104 2633 166 2689 dem
183 2631 305 2688 codicem
320 2632 440 2690 suticum
455 2633 615 2690 referendos
632 2649 693 2690 esse
708 2630 864 2689 luculenter
879 2632 970 2703 arguit
984 2630 1054 2686 mira

103 2733 202 2774 eornm
223 2718 252 2771 in
272 2718 439 2792 corruptelis
459 2717 621 2792 quibusdam
640 2717 815 2791 grauioribus
837 2718 983 2774 consensio
1005 2713 1052 2787 (ci.

103 2800 168 2857 Luc.
185 2799 307 2857 Mueller.
323 2800 346 2857 J.
362 2803 385 2858 J.
404 2802 485 2861 1866
506 2821 533 2878 p.
550 2802 631 2873 388).
661 2801 725 2860 Nam
748 2810 778 2858 ut
800 2817 831 2863 ea
851 2801 1055 2875 praetermitta-

103 2902 165 2942 mus
189 2885 256 2943 uitia
276 2902 346 2959 quae
367 2904 418 2943 nos
434 2887 544 2961 quidem
565 2887 700 2943 detexisse
715 2885 795 2942 nohis
810 2886 949 2947 uidemur,
972 2900 1053 2940 nemo

103 2970 233 3045 prolecto
253 2969 390 3027 dubitabit
415 2972 482 3046 quin
502 2972 649 3046 deprauata
674 2972 730 3027 siut
751 2971 848 3027 haece:
886 2987 912 3025 u.
934 2967 974 3025 42
1005 2985 1054 3026 ora

104 3137 311 3147 ———-·

174 3235 203 3301 *)
222 3236 302 3299 Quod
319 3237 349 3286 in
365 3237 448 3287 huius
459 3238 525 3288 libri
542 3237 725 3303 inscriptione
742 3235 838 3287 ultimo
857 3235 920 3286 loco
933 3234 1055 3286 Octauia

104 3308 328 3355 conmemoratur
347 3320 403 3355 non
424 3310 468 3356 est
488 3307 593 3355 mirum.
634 3305 705 3355 Nam
726 3304 857 3355 librarius
879 3320 941 3354 cnm
963 3306 992 3352 et
1011 3298 1065 3350 in!

103 3372 285 3438 scriptionem
302 3377 331 3423 et
347 3373 456 3426 Herc.1
476 3389 509 3424 ex
525 3374 597 3423 libro
614 3373 662 3423 illo
681 3375 802 3438 optimae
820 3375 917 3434 notae,
943 3373 1054 3420 ceteras

103 3456 138 3490 ex
159 3440 256 3491 codice
273 3439 383 3505 uolgari
402 3439 520 3507 (uolgari
536 3441 631 3492 ordine
644 3441 700 3490 nisi
718 3439 790 3505 quod
803 3439 952 3503 Thyestem
969 3437 1053 3487 inter-

101 3511 222 3573 poneret
238 3513 304 3559 anta
319 3509 403 3558 Herc.
421 3525 445 3558 11
466 3509 647 3575 inscriptione
666 3509 786 3559 fortusse
805 3503 958 3568 conmotus)
976 3509 1053 3554 tran-

99 3577 279 3642 scripsisset,
299 3577 365 3642 quin
378 3575 527 3628 Octauium
538 3576 621 3627 titulo
635 3576 748 3627 adderet
760 3575 854 3625 facere
867 3588 922 3624 non
934 3576 1054 3638 poterat.
