2536 4046
434 231 633 281 PRAEFATIO
919 239 1007 287 XXXI

54 405 131 445 mum
160 405 227 445 uero
252 391 440 464 quaternionis
468 390 564 448 lolium
587 409 648 450 cum
670 394 795 452 uersibus
824 396 1001 456 oet-736

54 472 84 546 (i.
100 489 125 528 e.
141 473 184 531 40
199 472 292 546 lineis)
314 482 480 556 occupetur,
502 475 589 534 lineae
610 485 716 535 restant
737 478 812 542 280.
835 481 906 538 uncle
926 490 1003 557 patet

55 559 72 615 7
95 574 197 615 uersus
217 559 331 615 ultimos
355 561 443 633 primo
470 561 536 618 folio
557 564 672 637 proximi
694 563 816 621 fasciculi
842 566 1001 623 tribuendos

54 659 122 699 esse.
162 641 236 710 Quae
259 644 377 701 sirecte
399 653 646 721 suntconputata,
669 647 736 705 lled.
754 648 921 708 87-1028
945 659 1000 708 tres

54 726 221 801 conplebant
242 730 449 803 quaterniones,
471 748 570 788 uersus
594 732 657 787 1·-
670 732 710 792 86
732 740 759 788 et
781 733 999 793 1029-1035

53 819 130 868 erant
153 812 182 868 in
203 814 243 869 eis
260 815 307 886 qui
323 816 446 888 proxime
465 815 663 873 antecedebant
680 827 707 873 et
723 817 908 891 sequebantur
924 818 1003 875 fasci·
1047 829 1049 834 '

54 897 131 953 culis.

115 1013 214 1089 Oedipi
229 1016 371 1090 relliquias
384 1034 453 1091 quae
469 1019 694 1092 conplectebatur
710 1021 855 1094 quaternio
872 1022 941 1080 hanc
954 1023 986 1079 ba

53 1098 112 1156 buit
127 1098 263 1174 effigiem:

284 1204 342 1261 Fol.
431 1204 457 1259 1.
477 1202 645 1263 321-358

427 1288 456 1343 2.
476 1286 644 1346 359-398

426 1373 454 1430 3.
475 1371 676 1431 399-438

400 1438 642 1664 &sparo-519

426 1626 453 1682 6.
474 1624 675 1683 520-557

426 1710 453 1766 7.
473 1707 640 1767 558-597

427 1794 455 1850 8.
474 1792 641 1853 598-637

113 1910 296 1968 Tota'autem
312 1911 453 1986 tragoedia
468 1913 616 1970 secundum
633 1913 750 1970 similem
768 1931 821 1988 qua
836 1915 916 1973 modo
938 1924 1000 1973 utc-

51 1992 144 2059 bamur
169 1995 340 2069 conputandl
366 1998 498 2054 rationem
519 1999 600 2054 hasce
627 1998 730 2055 codicis
758 2007 851 2072 partes
878 2002 998 2057 tenuisse

50 2078 169 2137 uidetur:
676 2094 679 2099 '

200 2164 347 2239 inscriptio
376 2173 403 2222 et
431 2182 457 2220 u.
482 2165 575 2221 1-2
592 2168 618 2222 in
634 2166 687 2222 line
704 2166 825 2224 fasciculi

414 2268 439 2305 u.
451 2249 577 2308 3—943
594 2259 651 2307 tres
668 2251 792 2309 fasciculi

385 2333 572 2392 344-1081
591 2337 642 2391 tria
655 2335 720 2391 folia
733 2337 824 2409 quarti
834 2334 958 2393 fasciculi
970 2345 999 2393 et

588 2418 714 2474 nonnulli
723 2435 821 2475 uersus
829 2420 995 2492 quartifolii.

111 2519 238 2576 Videmus
266 2520 353 2594 igitur
377 2528 501 2576 neutram
526 2520 622 2576 harum
652 2520 854 2594 tragoediarum
880 2539 895 2578 a
917 2522 998 2595 plena

52 2607 228 2676 quaternione
249 2604 383 2679 incipere,
405 2614 530 2662 neutram
552 2604 579 2659 in
595 2604 677 2678 plena
692 2603 764 2660 finiri
780 2621 869 2680 neque
890 2607 928 2662 ita
951 2623 996 2664 eas

50 2697 209 2763 conparatas
225 2697 257 2745 ut
271 2689 357 2746 altera
372 2691 485 2747 alteram
501 2691 641 2764 excepisse
652 2693 744 2763 putari
758 2691 854 2763 possit.
885 2691 923 2747 Ea
939 2708 994 2766 quo

51 2774 71 2827 si
84 2774 153 2829 nihil
170 2775 243 2830 aliud
259 2775 284 2831 id
301 2782 375 2831 certe
391 2774 516 2832 effecisse
530 2774 610 2831 uobis
631 2774 772 2838 uidemur,
797 2775 918 2848 plures
940 2776 994 2832 his

50 2856 179 2915 duabus
201 2858 339 2916 fabulas
360 2860 481 2918 codicem
504 2859 581 2916 illum
604 2860 780 2915 continuisse.

106 2943 131 2999 ls
148 2943 219 2999 liber
235 2961 398 3020 quamquam
420 2945 503 3001 alium
521 2943 723 3017 tragoediarum
739 2943 863 2999 ordinem
884 2942 995 2999 uidetur

50 3035 155 3084 secutus
171 3023 206 3100 *l
233 3045 296 3085 esse
319 3046 399 3103 quam
418 3029 528 3086 codices
550 3029 694 3102 uolgares,
724 3036 813 3084 tamen
841 3030 994 3102 scripturae

49 3256 70 3307 is
84 3261 206 3311 numeris
224 3260 325 3310 nostris
344 3262 376 3311 15
389 3261 474 3311 addat
487 3264 604 3326 oportet.
633 3260 677 3310 Ad
689 3261 717 3310 id
730 3260 800 3326 quod
812 3264 907 3310 nostre
926 3276 991 3311 con·

52 3330 191 3387 putatione
205 3328 400 3392 consequimur
412 3344 446 3379 ea
458 3327 616 3378 differentia
629 3327 732 3378 nullius
747 3332 789 3378 est
800 3329 940 3378 momenti.

111 3393 135 3460 *)
158 3397 259 3461 Neque
276 3395 420 3461 uolgarem
441 3412 531 3461 neque
548 3397 723 3447 florentinum
741 3395 898 3446 fabularum
919 3392 990 3444 ordi·

49 3475 105 3512 nem
121 3465 228 3528 tenuit,
246 3464 276 3514 ld
294 3464 365 3527 quod
378 3479 433 3513 non
450 3463 564 3514 difficile
583 3469 658 3515 esset
676 3462 850 3529 conputando
864 3461 991 3527 probare.

48 3526 96 3581 Sed
113 3533 227 3584 tertium
245 3532 382 3598 quendem
400 3533 525 3597 estquod
542 3534 713 3598 suspicemur
730 3538 759 3582 in
771 3546 803 3583 eo
817 3530 904 3580 fuisse
917 3527 988 3578 ordi·
