2504 4040
161 208 225 273 296
442 221 476 267 n.
493 220 626 267 annom
642 220 800 268 sennenn
845 268 850 289 ,

127 361 154 420 e'
204 372 270 420 115.
295 360 370 420 Dum
385 358 455 419 licet
471 359 553 419 abire
568 360 727 437 profuge
743 368 830 438 teque
845 360 915 420 bine
932 362 1028 439 eripe:

162 446 261 524 grauis
276 445 321 504 ira
337 462 442 522 regum
458 452 503 504 est
518 462 645 522 semper.

162 543 247 591 ΜΕΙ).
677 529 735 588 boc
750 528 856 588 suades
872 529 962 597 mihi,

162 620 296 692 praestas
312 613 455 674 Creusae:
478 612 621 690 paelicem
637 614 761 673 inuisam
778 630 909 673 amoues.

128 709 142 758 f
204 711 270 759 ras.
294 697 397 758 Medea
413 715 530 757 amores
546 696 654 757 obicill

162 797 249 843 nnn.
678 789 708 841 el
723 781 844 841 caedem
860 788 890 841 et
905 780 998 841 dolos,

161 880 227 928 rus.
253 865 379 926 Obicere
396 865 513 926 landem
529 865 608 944 quod
623 874 720 943 polest
736 868 876 926 crimen
892 865 979 925 mihi?
1096 875 1158 926 500

161 965 247 1012 nnn.
272 950 481 1029 quodcumque
498 950 564 1010 leci.

161 1048 228 1096 Ins.
599 1042 691 1093 restat
705 1034 763 1094 boc
778 1052 868 1093 unum
885 1036 1020 1110 insuper,

161 1122 236 1181 tuis
251 1128 284 1179 ut
299 1120 386 1179 eliam
402 1117 565 1178 sceleribus
581 1118 649 1178 fiam
666 1136 814 1178 nocens.

126 1215 148 1273 f
204 1217 290 1264 Mul).
314 1204 387 1263 Tua
403 1201 453 1263 illa
468 1211 528 1263 tua
544 1211 613 1262 sunt
628 1201 693 1262 illa:
717 1205 763 1263 oui
779 1203 902 1281 prodest
916 1202 1055 1271 scelus,

161 1292 186 1349 is
202 1289 279 1349 lecit.
311 1305 414 1348 omnes
431 1290 586 1363 coniugem
602 1287 742 1348 infamem
758 1296 899 1365 arguant:

162 1373 243 1435 solus
258 1382 357 1441 tuere,
375 1372 456 1433 solus
470 1373 618 1432 insontem
635 1391 719 1432 uoca.
1092 1381 1148 1430 505

161 1458 215 1518 tibi
231 1459 373 1517 innocens
388 1459 425 1517 sit
439 1458 572 1535 quisquis
588 1465 632 1516 est
647 1474 702 1534 pro
718 1466 746 1516 te
762 1474 918 1516 nocens

127 1577 145 1625 g
205 1554 271 1601 ms,
294 1542 410 1618 Ingrata
427 1543 486 1601 uila
503 1549 547 1601 esl
562 1542 667 1601 ouius
683 1549 862 1619 acceptae
877 1540 997 1617 pudet.

126 1636 153 1709 g'
205 1639 290 1685 Mul).
313 1625 476 1685 Retinenda
494 1643 552 1683 non
569 1633 613 1685 est
628 1628 735 1685 cuius
755 1633 931 1702 acceptae
953 1624 1075 1701 pudet.

126 1730 144 1778 h
206 1722 271 1769 IAS.
295 1710 371 1781 Quin
387 1710 485 1787 potius
500 1711 543 1769 ira
560 1712 709 1769 concitum
725 1717 829 1788 pectus
844 1709 940 1769 doma.

96 1860 98 1864 ,
161 1793 402 1873 placarenatis.
1095 1802 1151 1850 510

161 1891 247 1939 Mul).
424 1876 528 1939 abdico
545 1877 628 1937 eiuro
644 1877 751 1938 abnue.

162 1965 235 2023 meis
251 1961 361 2022 Creusa
377 1961 480 2022 liberis
496 1962 601 2021 fraires
617 1962 714 2022 dabit?

126 2057 153 2115 h'
183 2049 184 2052 ’
205 2059 270 2108 lus.
293 2046 407 2125 Regina
423 2048 521 2106 natis
537 2045 654 2106 exulum
671 2046 795 2108 adflictis
810 2053 923 2123 potens.

161 2145 246 2192 uun.
272 2149 332 2191 non
347 2133 447 2192 ueniat
462 2149 602 2209 umquam
618 2139 678 2191 lam
695 2130 789 2191 malus
804 2130 920 2190 miseris
935 2129 1013 2198 dies,

162 2218 212 2295 qui
227 2215 312 2294 prole
329 2216 414 2275 loeda
430 2216 552 2275 misceat
566 2214 680 2293 prolem
697 2215 837 2274 inclitam.

162 2301 292 2382 [Phoebi
304 2308 427 2377 nepotes
441 2300 567 2377 Sisyphi
579 2298 761 2379 nepotiane]
1095 2307 1150 2355 515

125 2408 144 2456 h
205 2398 270 2446 ras.
294 2384 369 2455 Quid
386 2387 493 2446 misera
509 2403 617 2462 meque
634 2390 720 2461 teque
736 2385 765 2443 in
782 2384 902 2444 exitium
916 2383 1025 2443 lralrisi

163 2469 290 2531 abscede
306 2488 424 2549 quaeso.

161 2568 246 2614 uun.
481 2551 643 2629 supplicem
660 2552 771 2613 audiuit
787 2552 888 2613 Creo.

161 2650 226 2697 ins.
244 2637 314 2715 qnid
329 2638 428 2697 lacere
443 2639 553 2715 possim
570 2637 702 2715 loquere.

161 2735 246 2782 nnn.
747 2739 801 2799 pro
818 2722 883 2780 me?
907 2719 955 2781 uel
970 2719 1074 2780 scelus.

124 2822 152 2878 h'
204 2817 270 2866 ins.
294 2805 371 2865 Hinc
386 2823 440 2865 rex
456 2810 486 2865 ei
501 2803 590 2865 illinc.

159 2903 247 2951 Mul).
647 2898 691 2950 est
707 2890 795 2950 ethis
811 2890 904 2949 maior
921 2896 1032 2948 melus:

159 2974 293 3036 Medea.
324 2992 379 3034 nos
395 2973 530 3052 conflige.
563 2980 711 3034 certemus
725 2976 804 3043 sine,
1095 2980 1151 3029 520
1250 3049 1251 3056 ἵ

226 3160 277 3209 499
295 3174 384 3209 mores
402 3160 428 3209 E
451 3174 558 3209 umores
576 3160 601 3209 A
625 3155 637 3225 11
660 3158 762 3221 obijcis
780 3159 806 3208 A
826 3159 914 3208 obicit
931 3164 970 3223 ψε
994 3155 1005 3224 11
1029 3159 1077 3208 500

160 3224 283 3290 obijoere
297 3228 400 3276 crimen
414 3227 485 3291 quod
497 3234 576 3292 potes
589 3226 699 3276 tandem
714 3227 780 3275 mibi
793 3227 817 3275 A
837 3227 948 3276 obicere
966 3226 1077 3274 tandem

159 3294 233 3359 quod
250 3298 345 3359 potest
363 3296 466 3344 crimen
484 3295 569 3344 michi
587 3294 612 3342 E
624 3290 636 3359 11
648 3296 697 3343 512
715 3294 781 3345 IAS.
798 3310 845 3344 om.
859 3294 970 3359 ,411513
988 3292 1076 3343 Mul).

158 3379 205 3413 om.
219 3363 245 3412 A
258 3359 270 3427 11
281 3361 370 3411 malus
382 3363 408 3412 A
426 3362 515 3411 malus
528 3378 596 3411 corr,
609 3378 644 3412 ex
656 3362 737 3411 melis
750 3360 784 3409 11Ι
798 3357 872 3427 11515
885 3363 968 3411 deieci
979 3376 1077 3410 uersam

158 3432 220 3480 uitio
239 3431 384 3493 deformem.
407 3426 419 3496 11
442 3431 490 3479 516
510 3428 621 3479 exilium
640 3429 689 3492 Εψ
708 3429 820 3478 exitium
842 3444 859 3478 α
883 3425 895 3492 11
917 3428 1077 3478 510555111-

62 3541 64 3545 .
158 3512 224 3560 gere
243 3512 265 3546 oo
284 3493 413 3561 confflige
433 3512 452 3547 α
470 3494 499 3561 (ἰ.
512 3512 535 3548 e.
549 3497 651 3559 confer,
671 3513 787 3560 conpara
798 3497 833 3559 cf.
848 3495 915 3544 aaa.
929 3497 966 3546 ad
976 3495 1001 3547 b.
1013 3491 1066 3560 1111
