2504 4040
224 277 289 341 210
506 291 537 338 n.
556 289 689 338 anunm
706 289 863 336 sennenn

226 432 283 491 tori
299 428 404 508 iugalis
421 428 524 489 abnuit
539 428 660 507 Merope
676 429 759 488 netas

224 516 332 575 sociata
350 512 505 593 Polybo,
523 531 625 591 sospes
640 513 767 573 absoluit
782 531 887 574 manus

224 598 385 679 Polybus
401 616 489 659 meas.
521 606 646 677 uterque
662 598 794 658 defendit
808 616 915 677 parens

225 684 344 744 eaedem
361 691 568 763 stuprumque.
600 684 667 760 quis
682 681 766 743 locus
782 682 885 759 eulpae
901 688 1076 761 estsuper?

189 766 214 838 ς’
266 768 357 828 Multo
373 776 441 829 ante
456 766 605 828 Thebae
621 767 723 826 Laium
739 768 876 827 amissum
893 775 1015 844 gemunt

223 855 335 914 Boeota
351 869 456 929 gressu
471 870 559 932 quam
577 870 642 911 meo
660 853 740 928 tetigi
756 850 829 912 ioca.

223 936 353 998 falsusne
368 938 468 997 senior
484 954 520 996 an
536 931 762 997 deus‘Thebis
778 937 895 1014 grauis?
914 970 951 980 -

222 1024 340 1083 iamiam
356 1030 492 1082 tenemus
508 1018 603 1080 callidi
618 1023 715 1080 socios
730 1020 798 1080 doli.

223 1108 365 1167 mentitur
380 1108 435 1167 ista
450 1105 624 1183 praetereas
638 1106 733 1166 fraudi
751 1104 822 1166 deos

223 1200 307 1252 uates
322 1190 434 1268 tibique
450 1199 566 1267 sceptra
583 1189 747 1266 despondet
764 1209 838 1250 mea.

187 1279 205 1328 h
267 1288 319 1335 cu.
344 1276 444 1354 Egone
460 1282 492 1334 ut
506 1292 641 1334 sororem
657 1277 738 1351 regia
754 1272 859 1351 expelli
874 1273 984 1336 uelim?

221 1361 247 1421 si
262 1379 310 1420 me
327 1360 400 1419 tides
416 1365 530 1420 saerata
546 1360 663 1437 cognati
679 1359 749 1418 iaris

221 1462 280 1504 non
298 1446 465 1506 contineret
480 1444 509 1504 in
525 1462 591 1504 meo
608 1453 722 1504 eertum
739 1451 830 1511 statu,

221 1538 319 1590 tamen
335 1531 397 1609 ipsa
414 1547 460 1588 me
476 1528 630 1589 fortuna
646 1536 772 1588 terreret
788 1529 875 1586 nimis

221 1612 344 1674 sollicita
361 1631 488 1691 semper.
520 1612 607 1672 liceat
621 1613 679 1673 hoc
694 1620 757 1672 tuto
773 1611 824 1672 tibi

221 1716 330 1758 exuere
345 1698 461 1776 pondus
477 1714 533 1758 nec
548 1697 736 1758 recedentem
753 1698 909 1774 opprimat.

219 1784 276 1843 iam
294 1791 322 1842 te
338 1784 453 1842 minore
469 1784 558 1842 tutior
574 1799 688 1859 pones
703 1781 779 1841 ioco.

185 1868 211 1924 h'
264 1879 342 1927 ont).
368 1866 501 1926 Hortaris
517 1868 620 1936 etiam,
636 1873 743 1944 sponte
759 1866 937 1943 deponam
955 1873 987 1925 ut
1003 1884 1069 1927 mea

218 1960 278 2011 tam
296 1953 398 2029 grauia
415 1951 525 2028 regua?

115 2054 119 2060 ·
220 2048 272 2096 cu.
562 2035 699 2095 suadeam
717 2033 845 2095 trooillis
862 2052 932 2112 ego,

220 2121 250 2181 in
267 2131 427 2197 utrumque
444 2120 509 2197 quis
525 2126 569 2180 est
584 2117 660 2180 liber
677 2120 835 2180 etiamnum
851 2126 952 2180 status.

219 2204 273 2264 tibi
289 2207 348 2264 iam
363 2221 486 2264 necesse
503 2212 547 2264 est
564 2204 642 2265 terre
659 2204 846 2264 fortunam
863 2212 952 2264 tuam.

220 2302 301 2350 ont).
327 2289 490 2350 certissima
506 2296 552 2349 est
566 2305 693 2366 regnare
709 2288 839 2367 cupienti
855 2290 899 2348 uia
1152 2301 1200 2349 695

217 2372 338 2435 laudare
354 2372 468 2433 modica
486 2380 515 2432 et
530 2375 622 2433 otium
639 2390 674 2433 ao
689 2391 825 2440 somnum
842 2372 932 2452 loq'ui⁴
959 2383 963 2390 ·

217 2458 253 2519 ab
271 2459 400 2537 inquieto
416 2475 504 2535 saepe
519 2457 675 2518 simulatur
691 2459 784 2536 quies.

183 2552 192 2599 i
260 2556 311 2604 cn.
336 2543 482 2604 Parumne
498 2548 618 2602 metam
636 2541 722 2618 longa
739 2542 869 2603 defendit
884 2541 999 2602 fides?

162 2632 165 2635 '
182 2631 202 2684 i'
263 2639 343 2688 ont).
367 2626 484 2688 Aditum
502 2626 628 2687 nocendi
637 2626 757 2724 perfido
773 2634 904 2706 praestat
918 2626 932 2685 i
936 2627 1029 2688 ides.

181 2735 199 2784 g
260 2725 313 2772 cn.
338 2710 457 2772 Solutus
474 2729 566 2772 onere
581 2730 663 2789 regio
679 2711 764 2788 regni
779 2710 865 2771 bonis
1154 2722 1200 2769 tm

216 2796 299 2855 fruor
316 2796 483 2873 domusque
501 2797 609 2855 ciuium
627 2803 714 2856 coetu
729 2797 809 2871 uiget

216 2898 272 2940 nee
288 2879 345 2941 ulla
361 2879 476 2941 uicibus
491 2882 585 2956 surgit
601 2879 721 2940 alternis
737 2880 799 2939 dies
1014 2896 1079 2943 unu
1095 2893 1135 2935 xu

216 2983 273 3043 qua
289 2984 347 3025 nou
365 2967 523 3044 propinqui
539 2982 661 3024 munera
678 2964 713 3023 ad
730 2973 849 3025 nostros
866 2963 943 3024 iores
1019 2977 1041 3021 r.
1056 2978 1197 3020 txxxxtu

215 3136 280 3143 ...-
285 3136 417 3143 -ο--ω-

283 3238 333 3286 676
357 3235 469 3285 Sociato
487 3235 513 3284 E
535 3232 547 3302 Η
571 3235 697 3286 absoluet
715 3234 740 3283 E
764 3234 886 3285 absoluit
897 3235 928 3284 'A
952 3230 964 3298 ΙΙ
987 3236 1037 3285 676
1061 3236 1134 3285 adest

218 3305 266 3370 Vp
278 3300 289 3369 ΙΙ
302 3305 351 3356 688
369 3303 468 3354 libeat
485 3303 534 3354 Bo.
548 3299 560 3369 ΙΙ
571 3305 621 3353 669
640 3319 691 3354 neo
703 3303 729 3352 Ε
746 3319 780 3353 ne
793 3304 818 3352 A
831 3299 842 3366 ΙΙ
854 3303 903 3352 699
922 3300 1001 3351 CRE.
1021 3303 1089 3352 Tam
1109 3304 1135 3353 Ε

215 3387 312 3422 erasus
331 3371 411 3421 deum
429 3370 454 3419 E
465 3366 476 3435 Η
489 3372 538 3421 693
558 3371 604 3434 qui
623 3386 652 3420 se
671 3371 743 3421 liber
760 3370 785 3419 E
797 3366 808 3436 d
820 3369 926 3437 stantun
938 3369 963 3418 E
975 3366 987 3435 Η
999 3373 1050 3422 694
1068 3370 1134 3419 Tibi

213 3444 245 3487 et
260 3441 315 3487 iam
334 3439 359 3486 E
376 3435 387 3502 ΙΙ
405 3439 454 3488 696
472 3453 526 3487 uox
544 3439 569 3486 E
587 3439 633 3487 uia
654 3441 676 3487 A
695 3435 707 3505 ΙΙ
723 3439 773 3489 696
792 3443 820 3486 et
837 3439 936 3487 totium
954 3437 989 3487 ΕΙ
1008 3435 1020 3505 Η
1036 3453 1070 3487 ae
1088 3447 1134 3499 εψ

215 3511 245 3552 at
263 3507 286 3552 A
304 3500 316 3567 Η
332 3505 408 3565 loqui
426 3500 492 3552 ΕΜ
515 3506 593 3567 sequi
612 3506 636 3553 A
654 3502 665 3565 ΙΙ
682 3506 731 3556 698
753 3506 821 3555 tides
839 3504 904 3553 EdE
928 3505 987 3554 dies
1006 3507 1030 3555 A
1049 3501 1061 3569 ΙΙ
1078 3508 1130 3556 699

214 3568 282 3618 fides
300 3570 366 3618 EdE
384 3569 443 3618 dies
462 3567 571 3635 ,411702
590 3570 648 3622 Nee
667 3571 742 3621 nullu
762 3589 780 3622 α
792 3571 803 3637 ΙΙ
816 3574 864 3623 703
882 3576 991 3622 nostras
1011 3589 1029 3623 u
1053 3569 1065 3637 i!
