2484 4044
599 228 742 277 rnclcnrl

297 369 377 432 salua
394 368 480 448 pellis
495 377 630 430 contecta
646 368 714 429 inba

297 454 400 515 laeuos
415 455 513 532 operit
526 454 600 514 dura
615 452 759 522 lacertos,

297 538 468 618 uallantqne
483 539 565 600 ferae
580 544 716 617 tempora
731 540 841 599 malae

298 623 409 686 donum
424 622 584 704 pharetrae
600 641 718 684 cessere
734 629 801 683 tuae

298 708 415 787 telaque
431 709 526 769 mittet
541 709 599 768 iam
615 707 718 768 dextra
734 708 849 768 minor:
896 728 899 733 ⁴

341 878 430 939 Vadis
444 878 569 938 inermis
585 885 653 936 nate
669 894 723 955 per
740 874 862 936 umbras

299 962 334 1024 ad
351 980 424 1042 quas
439 979 558 1039 semper
573 978 731 1022 mansurus
747 976 825 1021 eras.

442 1226 515 1274 VOX
536 1225 710 1273 nnncvnls
733 1225 778 1272 ΕΤ
800 1224 899 1272 mnu.

257 1384 332 1455 Quin
349 1403 396 1444 me
414 1390 565 1444 tenentem
581 1399 673 1459 regna
688 1380 797 1443 siderei
812 1379 872 1460 poli

216 1468 357 1547 caeloque
371 1469 491 1529 tandem
508 1467 654 1528 redditum
671 1465 790 1545 planctu
806 1465 891 1528 iubes

215 1555 324 1614 sentire
340 1553 451 1613 fatum?
474 1569 577 1630 parce:
600 1553 659 1612 iam
675 1554 770 1612 uirtus
786 1551 859 1611 mihi

214 1640 244 1697 in
259 1645 337 1697 astra
354 1645 384 1698 et
398 1639 480 1716 ipsos
495 1638 564 1698 fecit
579 1636 615 1697 ad
632 1653 756 1715 superos
771 1637 837 1696 iter.

181 1832 198 1865 a
259 1817 365 1867 anem.
389 1806 471 1865 Vnde
487 1823 578 1867 sonus
593 1804 724 1882 trepidas
739 1822 827 1866 aures
842 1804 928 1864 seria?

213 1891 294 1951 unde
309 1908 390 1951 meas
405 1889 520 1950 inhibet
533 1889 670 1952 lacrimas
686 1889 805 1967 Fragor?

214 1993 344 2054 agnosco
360 1992 504 2053 agnosco:
529 1976 666 2035 nictum
682 1984 728 2035 est
742 1973 841 2035 chaos.

180 2110 205 2171 a'
257 2112 281 2169 Α
296 2111 386 2189 Styge
403 2121 470 2170 nate
485 2109 565 2171 redis
580 2110 686 2169 iterum
702 2109 791 2178 mihi,

213 2195 366 2272 fractaque
383 2212 442 2254 non.
458 2193 549 2255 semel
565 2202 610 2254 est
624 2210 706 2254 mors
721 2193 851 2253 horrida.

214 2280 346 2339 uicisti
361 2297 467 2339 rursus
483 2280 585 2340 mortis
599 2277 673 2338 loca.

179 2407 197 2457 b
258 2414 384 2475 Peruius
400 2422 444 2475 est
459 2414 630 2475 Acheron
646 2415 703 2473 iam
719 2411 874 2489 languidus

215 2506 247 2559 et
261 2516 397 2560 remeare
413 2498 483 2559 licet
498 2496 553 2559 soli
568 2497 621 2557 tibi

214 2601 270 2644 nec
284 2591 314 2644 te
330 2583 387 2643 fata
405 2590 508 2643 tenent
522 2591 589 2661 post
604 2583 718 2643 funera.

283 2837 348 2886 1942
367 2840 526 2900 contempta
544 2835 570 2884 Ε
594 2840 727 2885 contenta
746 2834 795 2898 09
822 2838 953 2884 contecta
970 2836 996 2884 Α
1025 2832 1037 2902 ΙΙ
1072 2840 1149 2890 1949

216 2903 322 2953 Saenos
340 2902 366 2953 Ε
382 2904 494 2955 Laeuos
512 2904 537 2953 Α
554 2899 566 2969 Η
584 2905 649 2953 1944
666 2903 781 2953 ferret.
816 2907 894 2952 entes
912 2902 938 2952 Ε
957 2901 982 2965 (ι’,
997 2919 1020 2953 e.
1033 2920 1147 2969 genae

213 2970 573 3103 macrescen-
587 2972 692 3088 aare
709 2965 775 3102 41
781 2918 1003 3104 arcanc
1010 2985 1146 3091 arra

214 3120 272 3155 eas
290 3104 365 3156 NHa.
384 3122 454 3157 eras
472 3108 574 3170 scripsi.
588 3103 599 3172 ΙΙ
611 3103 686 3155 VOX
700 3130 706 3142 ·
721 3104 905 3156 Hchvms
921 3104 978 3154 ·Et
996 3102 1093 3156 IDEM
1114 3108 1146 3157 Ε

214 3173 316 3222 Vmbra
330 3174 468 3227 Herculis.
486 3174 618 3224 Alcmene
632 3173 654 3224 G
671 3172 1075 3225 Hnncvnlrs·ancn1nna
1087 3177 1118 3226 A
1130 3173 1142 3241 ΙΙ

215 3242 281 3292 1949
304 3241 414 3294 Hanc.
431 3242 580 3292 RornfiA
608 3237 620 3305 ΙΙ
650 3243 717 3293 1950
738 3240 856 3292 reditum
878 3240 941 3293 ΕΒ
997 3240 1145 3293 redditam

214 3309 240 3359 Α
252 3304 264 3375 ΙΙ
276 3308 393 3374 planctu
413 3310 435 3359 A
464 3307 546 3359 tanen
561 3308 587 3357 Ε
598 3306 610 3375 ΙΙ
624 3310 688 3359 1951
707 3310 763 3359 iem
782 3308 807 3357 Ε
824 3323 889 3358 nam
908 3310 932 3359 A
945 3257 1036 3377 Ιΐ19ᾶ9
1053 3309 1142 3362 Vnde

213 3377 286 3425 unde
299 3392 322 3426 s.
341 3372 469 3441 Ε111966
487 3377 613 3439 Agnosco
630 3379 707 3426 semel
721 3378 832 3440 positum
849 3376 875 3425 Ε
886 3373 898 3441 ΙΙ
914 3391 974 3427 esse
987 3376 1013 3426 Ε
1032 3381 1076 3426 est
1088 3379 1117 3428 A
1132 3378 1144 3443 ΙΙ

216 3444 281 3491 1968
300 3454 392 3492 rursus
411 3442 460 3492 εΑ
478 3454 590 3490 rursum
608 3442 659 3492 Bo.
683 3438 696 3508 Η
718 3444 816 3495 mertis
833 3443 859 3492 Ε
880 3445 970 3494 noctis
989 3444 1013 3493 A
1037 3448 1141 3497 esame

358 3523 382 3558 a.
399 3505 411 3570 ΙΙ
428 3510 494 3557 1969
508 3515 570 3570 post
587 3525 611 3560 n.
625 3510 691 3559 1969
710 3512 802 3560 aaron
816 3513 829 3575 Η
846 3511 912 3562 1960
929 3511 1002 3561 abest
1019 3511 1045 3560 Ε
1067 3508 1082 3578 ΙΙ
