2536 4046
231 265 273 329 14
503 281 535 328 o.
560 280 692 327 tunsos
716 280 873 327 seuuemo

232 420 357 480 tortasse
374 418 474 487 faciet,
491 419 612 480 sordido
627 421 773 498 premitur
788 421 901 500 iugo&

204 492 373 590 Tcodmeu
384 508 488 581 protes
502 509 692 580 civitasque
702 506 880 580 Amphionis

139 592 141 599 '
232 607 373 665 quorsum
388 592 565 650 excidistis?
587 592 714 649 tremitis
729 593 871 663 iquurum
887 590 1007 649 exulem

230 677 293 735 suis
308 682 460 734 carentem
472 677 597 748 fluibus,
615 677 726 735 nostris
738 676 887 748 qruuem?

231 761 285 834 qui
296 762 413 819 scelera
428 767 513 819 terro
529 762 639 833 quique
646 761 847 834 prosequitur
861 762 943 818 muri
1159 781 1221 847 3⁷5

232 861 271 904 uc
285 860 380 904 saeuo
396 846 476 903 iustu
490 851 613 918 sceptro
627 843 799 916 consriuqit
812 859 913 916 manu,

230 946 312 989 uunc
327 931 422 988 seruit
437 929 544 988 ohseos
555 928 680 1002 fertque
694 944 773 1002 quoe
784 926 870 999 ferri
883 922 977 1008 uetot]
1052 981 1054 986 .

231 1018 398 1091 tenetque
414 1010 564 1072 Thebas
581 1009 649 1071 exul
664 1010 819 1070 herculeas
833 1010 938 1088 Lycus.

199 1129 214 1162 e
276 1096 333 1156 Sed
351 1114 410 1155 non
430 1094 586 1156 tenebit.
615 1096 710 1155 oderit
725 1103 758 1155 ut
772 1113 882 1174 poenas
898 1102 979 1173 petat

231 1179 405 1257 subitusque
422 1180 457 1240 ad
474 1187 551 1240 astra
567 1187 743 1258 emerget.
771 1181 904 1240 inueniet
920 1181 1014 1240 uiam
1095 1228 1099 1235 .
1167 1202 1220 1252 280

232 1273 282 1324 aut
297 1266 391 1324 saciet.
420 1265 499 1325 adsis
515 1282 617 1342 sospes
634 1274 663 1325 et
678 1282 821 1325 remees
837 1282 943 1342 precor
1045 1330 1048 1335 ⁴

232 1350 411 1429 tandemque
426 1351 527 1409 uenias
543 1352 639 1409 uictor
655 1349 691 1410 ad
707 1350 814 1409 uictam
831 1349 960 1408 domum.

212 1441 219 1460 '
274 1447 358 1494 Moe.
388 1434 541 1510 Emerge
557 1435 685 1494 ooniunx
701 1442 788 1511 atque
804 1432 949 1510 dispulsas
965 1451 1054 1493 manu

232 1517 377 1596 abrumpe
393 1518 539 1578 tenebras.
563 1518 643 1578 nulio
660 1520 684 1576 si
700 1527 781 1577 retro
797 1519 855 1577 uia

231 1604 346 1680 iterque
362 1602 474 1662 clusum
491 1610 544 1670 est,
561 1602 634 1663 orbe
651 1603 769 1662 diducto
786 1603 866 1663 redi

232 1695 262 1746 et
277 1687 418 1764 quicquid
434 1693 496 1747 atra
513 1694 598 1747 nocte
614 1705 783 1767 possessum
800 1687 880 1757 latet,

232 1772 332 1831 emitte
348 1778 456 1832 tecum.

202 1877 216 1926 f
238 1904 245 1918 .
478 1855 588 1916 Dirutis
604 1855 726 1933 qualis
741 1858 818 1934 iugis
839 1858 854 1883 ⁶

232 1958 376 2019 praeceps
391 1941 477 2000 citato
493 1939 608 2001 flumini
624 1959 770 2019 quaerens
784 1945 840 2000 iter

233 2026 381 2102 quondam
398 2027 511 2095 stetisti,
528 2027 617 2085 scissa
634 2044 700 2085 eum
718 2035 801 2087 ussto
818 2028 928 2103 impetu

233 2118 357 2185 patuere
372 2108 493 2188 Tempe,
511 2121 631 2187 pectore
647 2110 781 2186 inpulsus
796 2117 848 2170 tuo

233 2195 292 2254 huc
308 2211 394 2254 mons
409 2202 438 2254 et
452 2193 522 2255 illue
538 2195 645 2254 cecidit
661 2204 689 2254 et
704 2203 815 2271 rupto
832 2208 949 2272 aggere

233 2297 309 2338 noua
326 2280 457 2339 cucurrit
470 2276 615 2339 thessalus
631 2288 748 2340 torrens
763 2282 827 2339 uia:

213 2372 220 2392 '
275 2364 373 2424 Talis
389 2361 527 2441 parentes
541 2362 653 2424 liberos
668 2369 791 2441 patriam
807 2373 920 2441 petens,

233 2466 297 2507 eru
308 2466 386 2525 mpe
402 2465 502 2508 rerum
519 2449 661 2508 terminos
678 2457 774 2509 tectim
792 2450 916 2508 etierens

299 2685 433 2733 272-277
451 2684 509 2733 hinc
526 2687 693 2735 remouendos
710 2689 797 2736 censui
818 2682 829 2751 Η
852 2687 902 2735 272
921 2689 980 2748 atq)
992 2684 1148 2749 ophyonius

232 2751 302 2800 cinis
315 2750 340 2800 E
354 2751 380 2799 V
395 2751 432 2813 (in
445 2766 493 2816 quo
506 2751 646 2814 ophinius)
660 2760 684 2803 et
695 2757 734 2802 sie
742 2755 801 2816 fere
814 2762 837 2816 ψ
856 2753 926 2802 ciuis
939 2760 1022 2817 atque
1041 2751 1148 2817 Ophio-

231 2819 294 2868 nius
307 2834 326 2867 α
345 2818 500 2882 amphionis
513 2819 574 2867 tire
590 2820 613 2869 T
634 2820 806 2885 amphionius
819 2821 880 2870 nm
900 2821 970 2869 einis
984 2825 1068 2883 atque
1081 2822 1146 2870 Am-

230 2886 339 2952 phionis
359 2884 478 2936 Obtanou.
498 2887 675 2951 ciuitasque
693 2888 853 2953 Amphionis
871 2888 945 2937 liHs.
975 2884 987 2954 Η
1014 2889 1064 2938 273
1083 2889 1147 2950 Quo

231 2952 376 3003 decidistis
395 2954 419 3003 Α
456 2952 584 3015 Quoties.
611 2952 683 3016 (riu
706 2957 772 3017 ros.)
791 2956 828 3005 Ε2
861 2958 921 3018 Quo
944 2956 997 3005 hoe
1020 2970 1081 3004 sum
1104 2961 1150 3005 uei

231 3023 292 3083 Quo
304 3021 427 3099 hornsum
439 3021 580 3071 excidistis
597 3023 625 3071 V
637 3026 744 3075 correxi
763 3020 775 3091 Η
794 3024 959 3088 ignauumA
979 3024 1107 3087 ignorum
1119 3023 1148 3071 E

230 3090 396 3152 nrorrigm
418 3088 444 3136 V
470 3086 482 3153 Η
510 3091 559 3139 275
577 3093 752 3156 persequitur
769 3092 820 3141 Ae·
844 3106 917 3156 pros.
935 3092 960 3138 V
984 3086 996 3157 Η
1024 3106 1100 3140 mare
1118 3093 1147 3140 in

230 3158 301 3205 meri
318 3163 435 3206 mutatum
453 3155 486 3204 ΕΙ
512 3153 524 3222 Η
552 3160 602 3208 276
621 3159 809 3225 confringitE
828 3158 1011 3209 ottobonianus
1035 3158 1146 3208 conire-

231 3225 272 3289 git
290 3224 347 3273 AV
367 3222 379 3290 Η
401 3225 450 3273 tit
468 3225 536 3274 ferri
554 3228 699 3278 eDeiriuui
720 3228 780 3277 fieri
796 3227 845 3276 VA
868 3223 880 3291 Η
909 3228 959 3276 279
978 3232 1008 3273 ut
1026 3231 1148 3290 ppetat

234 3293 258 3340 V
277 3297 305 3341 et
317 3308 342 3356 p.
351 3295 440 3357 „petet
452 3293 490 3341 εΑ
511 3287 523 3358 Η
544 3295 594 3344 278
606 3294 707 3360 hospes
719 3304 742 3356 ψ
762 3291 774 3361 Η
795 3310 892 3359 precor
905 3292 1001 3343 euru
1017 3295 1072 3343 tuis
1083 3294 1108 3342 A
1121 3290 1134 3358 Η

234 3359 284 3410 283
301 3358 381 3409 MEG
402 3358 495 3413 EMe.
519 3360 546 3408 V
560 3378 606 3412 om,
620 3364 645 3412 A
715 3363 856 3428 dispulsos
868 3362 935 3412 Ehfi
953 3377 1017 3411 uuus
1035 3361 1145 3411 Christi-

229 3443 279 3477 noe
296 3428 326 3477 ui
343 3426 438 3493 pulses
454 3426 479 3474 V
495 3427 624 3493 depulsas
636 3431 661 3480 Α
709 3432 759 3480 284
777 3430 916 3493 tenebras)
930 3432 1033 3495 prime
1053 3433 1078 3477 in
1090 3445 1146 3481 ros.

229 3495 256 3545 Ε
284 3491 296 3559 Η
324 3501 397 3545 retro
416 3495 441 3544 Ε
458 3496 546 3547 uetito
569 3499 618 3547 VA
642 3495 654 3563 Η
682 3500 733 3549 285
750 3499 881 3562 Interque
898 3514 985 3563 pum.
1009 3497 1035 3545 V
1042 3495 1105 3545 nro
1130 3494 1134 3559 Ι

230 3563 281 3612 288
299 3562 407 3613 lmmini
420 3563 583 3628 quierensE
598 3564 610 3631 Η
626 3568 677 3617 294
689 3567 806 3617 efferens
819 3564 936 3627 ortuo
956 3564 1108 3614 efferensA
1130 3563 1135 3629 Ι
