2468 4038
257 258 321 324 498
646 268 789 322 rrtcrttrrr

227 439 242 473 c
287 425 366 474 ocr.
389 410 454 481 Quo
470 431 517 473 me
532 412 666 473 trahitis?
689 430 787 490 quoue
803 419 945 491 tyrannus

345 504 395 559 aut
410 497 528 558 exilium
544 499 647 574 regina
663 497 760 566 iubet,

344 584 370 643 si
385 582 456 642 mihi
471 583 562 643 uitam
578 583 670 641 tracta
686 583 810 642 remittit

344 676 388 729 tot
402 669 460 728 iam
476 668 584 727 nostris
600 667 695 726 euicta
711 665 813 727 malis?

344 755 370 814 si
386 753 475 813 caede
489 769 555 812 mea
571 749 723 811 cumulare
738 758 823 830 parat

247 868 250 873 ·
343 837 441 899 luctus
455 844 589 896 nostros:

343 922 457 982 inuidet
472 922 558 981 etiarn
575 938 628 980 cur
643 922 675 979 in
689 922 783 998 patria

342 1008 416 1068 mihi
430 1024 519 1067 saeua
535 1005 630 1064 mori?

387 1174 445 1236 Sed
461 1175 518 1235 iam
534 1192 602 1252 spes
617 1181 661 1233 est
676 1172 755 1233 nulia
771 1171 887 1234 salutis:

344 1260 443 1321 fratris
458 1277 549 1320 cerno
564 1258 732 1319 miseranda
746 1266 849 1319 ratem.

343 1346 399 1406 hac
415 1364 453 1405 en
468 1345 553 1403 cuius
567 1352 652 1404 uecta
668 1344 767 1402 carina

344 1430 494 1510 quondam
509 1429 635 1506 genitrix

344 1534 424 1575 nunc
440 1522 469 1574 et
477 1512 621 1574 thalamis
637 1509 757 1590 expulsa
772 1529 858 1572 soror

344 1598 510 1659 miseranda
527 1598 630 1658 uehar.

386 1764 506 1828 Nullum
522 1767 616 1846 pietas
631 1783 711 1827 nunc
727 1783 836 1826 numen
852 1763 941 1826 habet

344 1869 399 1912 nec
414 1859 483 1910 sunt
498 1851 608 1928 superi.

344 1943 449 2015 regnat
464 1936 574 1995 mundo
590 1935 680 1995 tristis
695 1934 809 2013 Erinys.

343 2022 409 2100 quis
424 2038 490 2081 mea
505 2020 593 2098 digne
609 2019 719 2080 deflere
734 2027 831 2097 potest

343 2100 436 2166 malai
459 2123 535 2182 quae
552 2103 682 2165 lacrimis
698 2105 806 2164 nostris
822 2110 942 2182 questus

342 2190 448 2250 reddet
463 2189 580 2248 aedon?

343 2277 428 2335 cuius
441 2290 555 2352 pennas
570 2273 683 2333 utinam
698 2274 825 2332 miserae

343 2359 415 2419 mihi
430 2359 487 2418 iata
503 2359 617 2418 darent.

385 2529 532 2607 Fugerent
548 2525 644 2587 luctus
659 2524 755 2586 ablata
771 2543 854 2587 meos

342 2631 440 2691 penna
455 2610 572 2672 uolucri
587 2610 691 2690 procul
707 2618 737 2670 et
752 2618 854 2671 coetus

342 2696 497 2758 hominum
513 2698 612 2757 tristes
628 2695 809 2773 caedemque
824 2694 927 2755 ieram.

325 2967 374 3016 919
393 2965 501 3100 <husius
519 2967 544 3015 Α
564 2981 664 3030 quoue
682 2960 911 3032 3133106911
934 2967 985 3017 920
1006 2969 1189 3026 fortune:

256 3034 389 3107 reginam
425 3036 472 3112 921
492 3034 559 3083 mihi
577 3034 701 3114 om5R13
721 3034 840 3114 tractem
855 3029 958 3098 011922
978 3038 1074 3090 annis
1097 3059 1189 3107 syme

256 3102 565 3236 ἵξῃᾶΙῗᾶῗῐῗοῇἷὲε
577 3097 1089 3235 {llgt‘gsmlielttiufictiizbffigl'etlilaffz
1099 3126 1188 3245 sillntgi

255 3236 347 3300 confer
363 3233 536 3304 1134111929
555 3239 627 3287 haee
646 3241 689 3287 est
708 3238 731 3285 Α
755 3236 809 3286 hac
829 3242 871 3286 est
890 3238 911 3287 C
921 3237 985 3287 313
1015 3239 1085 3293 hae
1112 3244 1188 3297 euri

256 3306 311 3355 3Ρ.
334 3300 346 3371 ll
369 3306 419 3355 933
442 3321 477 3355 ne
500 3307 593 3370 pietas
611 3321 712 3355 numen
734 3305 760 3354 V
781 3301 792 3369 ΙΙ
815 3305 865 3355 938
888 3304 1001 3354 rederet
1019 3308 1109 3364 313
1143 3310 1187 3362 rei

256 3369 364 3487 dggzeto
381 3423 451 3471 edon
469 3439 491 3471 ω
510 3421 603 3470 aedon
621 3438 640 3469 α
659 3418 671 3486 ΙΙ
692 3424 742 3472 940
760 3423 821 3472 feta
839 3439 907 3473 corr.
927 3438 963 3474 ex
981 3422 1076 3478 faeta
1100 3428 1187 3480 312

255 3490 305 3536 941
330 3487 479 3599 338811ὶῶ
501 3487 561 3616 ῇίῐα
579 3488 643 3535 313
674 3488 751 3536 elate
768 3490 831 3538 312
861 3490 940 3540 elata
957 3492 989 3544 ei.
1009 3493 1094 3571 BP„
1114 3496 1129 3565 Η
1155 3496 1186 3548 at*
