2544 4040
224 248 285 312 140
502 263 534 309 n.
552 261 685 308 annam
700 259 859 308 sunnone

222 410 251 463 et
266 404 343 462 tricia
359 418 454 476 prono
470 401 578 480 puppis
593 400 729 460 aufertur
744 400 831 461 uado.

222 487 290 565 quid
307 488 381 546 ratio
398 485 510 564 possit?
533 487 604 546 uiuit
618 504 653 546 ac
668 492 772 561 regnat
787 484 871 545 iuror

221 579 385 650 potensque
401 578 460 630 tota
476 577 575 630 rnente
590 570 758 630 dominatur
773 569 856 630 dens.

181 654 207 729 ς’
263 656 318 716 Hic
333 654 456 715 nolueer
472 655 552 714 omni
567 652 658 732 pollet
673 654 701 713 in
718 661 796 713 terra
813 657 952 731 inpotens

220 739 393 819 laesumque
408 738 534 799 tlammis
549 746 644 799 torret
659 737 807 798 indomitis
821 737 933 798 louern.

220 825 369 885 Gradiuus
383 825 454 884 istas
470 822 595 900 belliger
610 823 702 883 sensit
718 822 813 891 lanes,

220 910 317 987 opilex
334 906 446 967 trisulci
462 907 592 967 fulminis
606 908 698 967 sensit
713 907 786 966 deus

221 1000 251 1063 et
266 995 316 1072 qui
331 991 466 1053 forentes
481 1009 601 1069 semper
615 992 744 1051 aetnaeis
758 992 836 1068 iugis

221 1085 321 1138 uersat
336 1078 467 1138 cantinos
482 1076 550 1152 igne
566 1082 623 1136 tam
639 1093 734 1154 paruo
749 1073 833 1137 ualet.

219 1163 375 1239 ipsumque
390 1160 545 1221 Phoebum
561 1159 617 1221 tela
635 1162 685 1238 qui
699 1177 794 1220 neruo
810 1162 900 1237 regit,

219 1247 282 1324 tigit
296 1246 399 1323 sagitta
416 1246 524 1306 certior
540 1246 630 1305 missa
646 1262 720 1323 puer

219 1330 380 1408 uolitatque
395 1329 476 1390 caelo
491 1330 602 1408 pariter
619 1338 647 1389 et
662 1331 750 1390 terris
766 1329 875 1405 grauis,

184 1423 202 1472 h
224 1424 227 1429 ⁴
263 1429 367 1474 nuru.
391 1416 484 1476 [teum
500 1431 566 1475 esse
581 1431 713 1475 amorem
728 1415 823 1491 turpis
839 1421 868 1473 et
881 1413 953 1474 uitio
968 1414 1072 1475 lunens
1152 1428 1197 1476 auo

218 1496 332 1559 linxit
346 1497 466 1559 libido
482 1516 600 1577 quoqne
615 1497 738 1559 liberior
754 1498 832 1558 loret

218 1581 335 1644 titulum
350 1583 444 1644 lurori
460 1584 625 1642 numinis
640 1580 728 1643 lalsi
742 1583 862 1643 addidit.

217 1675 340 1744 gnatum
355 1684 411 1745 per
426 1668 522 1727 omnis
536 1666 652 1727 scilieet
667 1673 762 1726 terras
779 1684 886 1744 uagum

216 1752 341 1831 Erycina
358 1752 454 1813 mittit.
484 1750 534 1811 ille
549 1770 603 1830 per
619 1749 732 1812 caelum
750 1750 853 1812 uolans

216 1845 357 1914 proterua
372 1844 475 1896 tenera
490 1836 547 1896 tela
563 1835 684 1896 molitur
698 1853 786 1896 manu

217 1938 402 2001 regnumque
418 1927 530 1982 tantam
548 1922 685 1981 minimus
702 1940 717 1982 e
732 1921 850 1997 superis
864 1919 963 1981 babet.

180 2003 207 2062 h'
263 2005 357 2066 Vana
373 2007 426 2067 ista
444 2006 566 2067 demens
581 2007 696 2065 animus
711 2005 837 2065 adsoinit
851 2004 908 2065 sibl

215 2091 397 2169 Venerisque
414 2108 545 2151 numen
562 2091 674 2149 linxit
688 2097 776 2168 atque
791 2107 879 2150 arnus
893 2089 951 2149 dei.

216 2175 347 2254 quisquis
363 2174 501 2236 secundis
517 2174 608 2235 rebus
624 2173 733 2235 exultat
748 2175 835 2235 nimis

215 2258 338 2339 linitque
352 2256 423 2320 luxu
438 2276 557 2338 semper
573 2257 689 2320 insolita
703 2260 823 2337 appetit.

216 2351 286 2405 tunc
302 2342 349 2404 illa
367 2359 491 2420 magnae
506 2345 569 2404 dira
586 2343 722 2404 fortunae
737 2361 838 2404 tornes

215 2428 294 2488 subit
308 2427 443 2489 libido:
467 2445 527 2490 nou
542 2428 661 2506 placent
675 2436 776 2488 suetae
794 2427 884 2507 dapes
988 2430 992 2441 ’

216 2530 275 2573 nou
292 2519 367 2573 tecta
383 2513 446 2573 sani
462 2515 554 2573 moris
570 2519 620 2574 ant
635 2511 702 2573 uilis
716 2517 810 2573 sinus.

164 2595 204 2655 h''
260 2595 320 2656 Cur
335 2598 365 2656 in
381 2607 503 2674 penates
518 2599 616 2658 rarius
631 2604 736 2657 tenues
751 2596 830 2657 subit

97 2891 102 2901 ·
189 2888 192 2893 ¹
284 2866 332 2916 189
350 2865 423 2930 quod
441 2881 463 2915 r.
477 2867 605 2932 posoitA
625 2865 691 2930 quid
703 2880 724 2916 r.
737 2865 824 2931 possit
841 2865 866 2915 Ε
883 2862 895 2933 ll
914 2866 1043 2918 uineitA
1062 2869 1131 2920 uiuit

213 2931 239 2980 E
260 2930 272 2999 ll
296 2935 344 2983 191
363 2938 464 2999 regnat
481 2935 506 2984 A
525 2933 613 2999 pollet
630 2934 656 2984 Ε
673 2940 699 2999 t„
712 2934 756 2984 Gr.
778 2931 790 3001 ΙΙ
809 2938 909 2998 potens
927 2951 948 2985 ω
967 2950 1081 2987 nocens
1099 2941 1131 2987 ri.

215 3001 293 3052 Gran
313 3001 456 3067 impotens
475 3004 506 3051 ei.
521 3002 596 3051 NHs.
609 2997 622 3067 ss
635 3003 683 3051 192
701 3003 844 3066 ipsumque
859 3002 882 3050 A
901 3002 1045 3067 lusumque
1058 3004 1111 3067 Εψ
1122 3000 1131 3069 ΙΙ

216 3069 265 3117 194
287 3068 397 3119 trisulci
414 3085 483 3121 corr.
503 3086 533 3120 m.
554 3072 569 3119 2
588 3084 624 3119 ex
642 3068 750 3119 trisulci
767 3069 792 3119 Ε
815 3065 828 3135 ΙΙ
850 3071 900 3121 200
923 3073 998 3135 turpi
1016 3072 1131 3122 seruitio

213 3135 354 3198 fouenso
384 3137 503 3201 turpiter
525 3137 594 3188 uitio
617 3138 717 3187 iuuene
742 3153 762 3186 α
791 3137 878 3202 turpis
902 3142 930 3187 et
947 3138 1017 3189 uitio
1036 3139 1131 3190 furens

212 3201 238 3251 Ε
262 3197 273 3268 Η
296 3203 347 3253 206
365 3204 509 3266 regnique
527 3208 560 3256 ei.
579 3205 612 3256 N.
632 3206 681 3254 Hs.
709 3206 738 3253 in
757 3220 871 3269 superos
890 3220 908 3255 ot
933 3205 962 3254 in
981 3209 1130 3271 superisrp

213 3269 355 3336 emperia
373 3269 422 3321 Eli
450 3267 462 3335 ll
491 3274 541 3323 210
560 3275 695 3337 appetens
715 3274 739 3322 Α
758 3273 867 3337 appetit
886 3272 933 3323 ER
955 3269 968 3338 ΙΙ
996 3275 1046 3323 211
1064 3280 1130 3324 tuno

212 3338 290 3388 illurn
308 3346 332 3402 ψ
351 3337 424 3387 buno
442 3336 492 3388 illa
511 3355 530 3389 α
547 3344 613 3389 tune
631 3339 682 3390 illa
698 3340 748 3404 Εψ
760 3340 772 3406 ΙΙ
785 3342 835 3390 213
852 3339 919 3390 ullis
937 3340 1020 3403 (nllus
1038 3349 1056 3392 t.
1072 3339 1129 3403 Gr.)

214 3407 293 3457 cibus
305 3406 330 3455 Ε
348 3405 413 3456 uilis
425 3406 539 3456 eibtrsA
560 3407 686 3458 humilis
704 3411 745 3458 net
762 3408 827 3458 uilis
846 3413 936 3458 torus
953 3410 985 3458 ai.
1000 3409 1046 3461 Gr.
1064 3409 1130 3460 uilio

212 3473 357 3538 scyphus
380 3476 412 3524 ei.
430 3473 482 3528 Bo.
500 3482 525 3524 et
543 3474 719 3525 Mitreitertieh
749 3476 832 3540 tyrii
855 3475 942 3526 sinus
964 3478 995 3526 ci.
1021 3477 1129 3539 Withof.

212 3539 279 3590 uilia
298 3544 387 3591 sinus
405 3543 501 3605 scripsi
518 3558 571 3592 cum
588 3541 656 3592 Bnd.
681 3539 692 3607 ll
