2544 4040
528 274 695 324 PHAEDRA

95 412 138 472 o'''
194 412 289 490 Sagax
306 420 463 491 parentum
480 419 524 473 est
539 431 620 475 cura.
651 413 808 475 credamus
824 424 920 475 tamen

152 504 215 557 astu
233 496 361 576 doloque
376 503 478 575 tegere
493 514 548 558 nos
562 506 675 559 tantum
692 498 789 559 nefas:

149 581 218 661 quid
236 579 285 641 iiie
299 580 390 641 rebus
405 580 504 643 lumen
521 582 679 643 infundens
695 601 781 643 suum

148 667 251 725 matris
267 666 394 743 parens?
418 667 487 744 quid
503 665 552 726 ide
568 669 618 745 qui
634 666 776 729 mundum
793 670 886 746 quatit

148 749 271 811 uibrans
287 767 411 810 corusca
430 748 540 811 tulmen
556 760 710 812 aetnaeom
727 769 815 812 manu

148 840 229 895 sator
245 834 395 895 deorum?
419 835 515 895 credis
531 834 588 895 boc
604 854 691 913 posse
707 836 786 896 edici

149 921 229 979 inter
245 918 380 979 uidentes
396 914 494 979 omnia
510 929 542 979 ut
557 919 649 981 lateas
666 921 751 982 auos?

121 1011 136 1062 t
191 1003 249 1063 Sed
267 1010 298 1063 ut
313 1003 461 1064 sccundus
477 1004 629 1064 numinum
647 1004 809 1066 abscondat
825 1004 908 1065 fauor·
1011 1020 1054 1063 ru.
1070 1019 1167 1064 nxvuu

149 1087 243 1148 coitus
259 1086 403 1149 nefaudos
419 1095 510 1167 utque
526 1090 677 1167 contingat
691 1097 795 1168 stupro
918 1092 921 1097 ’
1086 1106 1134 1155 165

147 1178 255 1248 negata
272 1172 386 1249 inagnis
401 1172 564 1234 sceleribus
579 1191 700 1251 semper
715 1174 802 1235 tides:

148 1255 218 1335 quid
235 1273 329 1333 poena
345 1273 487 1334 praesens
503 1260 640 1317 conscius
656 1260 762 1319 meotis
777 1275 872 1336 pauor

147 1341 325 1420 animusque
341 1339 425 1420 culpa
441 1340 548 1419 plenus
564 1349 593 1402 et
607 1350 701 1402 semet
716 1342 842 1403 timens?

147 1424 246 1486 scelus
261 1424 358 1503 aitqua
375 1432 486 1495 tutum,
504 1424 582 1486 noda
599 1444 737 1487 securum
752 1425 828 1486 tulit.

112 1509 137 1568 f'
193 1509 345 1588 Conpesce
360 1511 468 1570 amoris
483 1512 556 1587 inpii
572 1509 711 1572 dammas
722 1528 830 1590 precor
1086 1528 1135 1577 170

149 1593 294 1672 nefasque
310 1595 388 1671 quod
405 1612 463 1654 non
479 1593 539 1654 uita
556 1593 643 1656 teitus
658 1595 786 1656 barbara

148 1679 287 1739 conmisit
302 1695 442 1756 umquam
459 1696 517 1738 non
535 1681 602 1756 uagi
618 1681 730 1758 campis
746 1682 836 1743 Getae

147 1779 204 1823 nec
219 1762 403 1842 inhospitalis
418 1763 534 1824 Taurus
550 1774 601 1823 aut
615 1782 736 1843 sparsus
751 1764 884 1845 Scythes.

148 1844 264 1925 expelle
279 1847 392 1908 facinus
407 1857 505 1909 mente
521 1850 648 1909 castitica
666 1849 818 1910 horridum

147 1948 323 2010 memorque
338 1933 440 1992 matris
456 1941 554 1993 metuo
570 1933 746 1994 concubitus
762 1951 865 1995 nouos.

107 2014 137 2074 t'
194 2016 319 2077 Miscere
333 2015 479 2077 thalamos
494 2019 586 2096 patris
602 2025 631 2078 et
645 2020 725 2096 gnati
741 2036 868 2098 apparas

147 2109 293 2179 uteroque
309 2100 423 2179 protem
440 2119 548 2180 capere
563 2101 717 2163 contusam
734 2105 833 2181 inpio?

146 2202 240 2263 perge
256 2193 285 2244 et
301 2185 435 2245 nefandis
450 2193 535 2246 uerte
549 2193 683 2248 naturam
700 2187 827 2265 ignibus.

147 2287 202 2329 cm·
218 2278 348 2330 monstra
365 2270 499 2331 cessanti
521 2268 586 2331 auia
602 2289 657 2331 cur
672 2271 773 2333 fratris
788 2272 892 2333 uacat?

146 2351 280 2432 prodigia
290 2354 404 2443 ⁸totiens
420 2355 502 2414 orbis
516 2357 629 2416 insueta
645 2357 758 2423 audiet.

146 2443 251 2499 natura
269 2440 377 2500 totiens
392 2437 508 2517 legibus
523 2438 609 2501 cedet
623 2443 697 2509 suis,

147 2523 284 2601 quotiens
299 2522 409 2585 amabit
425 2522 548 2584 Cressa?

115 2630 135 2681 g
190 2620 247 2665 ΡΗ.
575 2627 651 2688 quac
667 2626 815 2670 memoras
830 2611 892 2670 scio

146 2709 219 2752 uera
235 2709 299 2753 esse
315 2693 431 2760 nutrix,
455 2693 507 2753 sed
525 2693 610 2754 furor
626 2696 704 2771 cogit
719 2697 804 2774 sequi

146 2777 260 2854 peiora.
292 2776 373 2837 uadit
387 2778 504 2837 animus
520 2779 547 2837 in
565 2796 708 2858 praeceps
723 2781 819 2840 sciens

145 2866 318 2940 remeatque
334 2862 442 2921 trustra
459 2878 529 2922 sana
548 2862 668 2923 consilia
684 2871 837 2942 appetens

145 2945 190 3006 sic
206 2962 273 3005 cum
290 2952 442 3023 granatam
460 2949 558 3006 nauita
574 2947 698 3008 aduersa
715 2956 808 3010 ratem

146 3027 286 3108 propellit
302 3030 395 3098 unda,
413 3031 490 3090 cedit
504 3033 535 3090 in
553 3049 660 3092 uanum
678 3032 762 3093 labor

214 3283 264 3333 160
282 3283 348 3348 quid
366 3282 415 3334 illo
435 3283 499 3348 quid
518 3279 565 3334 ilie
584 3284 609 3333 E
620 3281 632 3350 ΙΙ
645 3287 693 3336 167
707 3288 838 3338 consciae
851 3289 941 3337 noctis
954 3288 979 3337 A
1000 3302 1064 3337 con·

144 3351 223 3400 scine
241 3351 343 3401 mantio
360 3358 384 3413 ψ
404 3353 531 3401 conscius
549 3354 650 3402 mentis
662 3353 752 3405 ΕΛΕΕ
763 3352 775 3422 ΙΙ
788 3357 836 3406 172
854 3370 942 3419 uagus
960 3355 1066 3418 campis

143 3421 211 3484 geta
228 3418 253 3467 A
272 3419 340 3483 uagi
352 3420 455 3484 campis
467 3423 550 3483 getae
568 3419 617 3470 Eli
634 3423 709 3474 Voar.
728 3423 847 3486 (campis
859 3438 928 3472 corr.
942 3436 978 3470 ea
991 3435 1066 3470 cem·

142 3499 196 3550 pus
214 3482 247 3550 R)
261 3480 273 3551 Η
286 3487 335 3536 176
354 3492 439 3552 gnato
458 3502 526 3539 corr.
547 3490 563 3536 2
581 3491 623 3538 uel
640 3491 657 3538 3
675 3505 706 3542 m.
725 3506 761 3540 ea
778 3494 865 3555 gnato
878 3488 903 3537 E
921 3490 999 3553 gnoti
1012 3491 1037 3538 A
1056 3485 1065 3551 Π

144 3554 196 3603 179
215 3552 311 3603 fratris
329 3554 354 3604 A
374 3554 462 3620 patris
481 3554 506 3603 Ε
529 3550 541 3620 {i
