2544 4046
506 290 686 347 euresius

130 437 193 499 telo
209 435 285 517 petis
300 435 432 504 minure,
449 431 501 494 sed
517 450 575 511 qua
590 437 735 498 muntium

130 521 301 601 tergemina
317 520 411 582 moles
426 519 531 581 cecidit
547 528 577 581 et
592 522 644 600 qui
657 521 811 584 montibus

130 607 254 670 stabant
267 622 357 684 pares
372 608 514 684 gigantes,
532 606 592 666 har
606 624 688 668 arma
704 607 810 686 expedi

127 695 277 773 ignesque
292 697 408 770 torque.
436 690 554 752 uindiea
569 692 709 752 amissum
726 691 814 753 diem.

130 779 292 861 [iaculare
303 781 461 852 stammas:
475 778 576 837 lumen
591 783 728 853 ereptum
738 771 826 860 pote]

84 870 120 946 ς’
177 860 365 924 Fulminibus
380 859 475 940 exple.
502 878 600 933 causa,
616 877 655 921 ue
670 860 786 924 dubites
802 862 862 934 diu,

131 947 290 1026 utriusque
304 944 379 1006 maia
396 945 447 1016 sit,
464 948 490 1007 si
505 948 619 1014 miuus,
635 948 713 1010 mala
728 948 766 1008 ait
781 966 860 1009 mea:

128 1050 182 1093 me
197 1037 274 1111 pete.
303 1029 425 1092 trisuleo
440 1031 607 1092 flammeam
623 1031 683 1094 telo
700 1031 793 1093 iacem

129 1135 188 1196 per
203 1123 308 1195 peetus
322 1114 381 1175 hoe
396 1116 573 1177 transmitte.
604 1117 628 1178 si
644 1126 749 1195 gnatos
763 1124 849 1197 pater

129 1203 259 1263 humare
276 1209 305 1262 et
319 1200 381 1277 igni
397 1200 515 1262 tradere
531 1208 665 1262 extremo
681 1200 758 1271 uolo,
1067 1219 1134 1271 109⁶

131 1303 190 1366 ego
206 1303 272 1346 sum
288 1285 475 1347 cremandus.
502 1285 527 1346 si
541 1284 616 1345 nibil
631 1304 757 1365 superos
772 1294 872 1347 mouet

129 1369 307 1449 nullumque
322 1367 388 1432 telis
404 1370 502 1450 inpios
517 1386 627 1430 numen
643 1372 732 1448 petit:

130 1463 253 1517 aeterna
269 1472 327 1514 uox
344 1462 518 1534 permaneat
535 1460 564 1515 et
578 1453 711 1517 tenebris
727 1462 805 1532 tegat

129 1542 267 1601 inmensa
282 1539 378 1618 longis
394 1537 516 1601 scelera.
545 1537 585 1599 nii
601 1541 688 1601 Titan
704 1556 824 1617 queror,

129 1625 156 1685 si
172 1641 359 1703 perseueras.
601 1676 603 1680 .

91 1727 112 1777 h
176 1722 258 1769 ΑΤΤ.
418 1707 503 1770 Nune
518 1727 599 1771 meas
614 1709 702 1771 laudo
718 1728 831 1779 manus,
1068 1728 1134 1780 1100

128 1811 212 1856 nune
229 1800 312 1871 parta
328 1810 400 1854 uera
417 1802 462 1857 est
478 1793 586 1874 palma.
613 1792 802 1874 perdideram
819 1794 916 1857 scelus

128 1878 190 1939 nisi
206 1879 250 1939 sie
265 1876 391 1939 doleres.
419 1876 530 1940 liberas
546 1881 628 1941 nasei
644 1878 716 1939 mihi

38 1977 44 1987 ·
128 1979 212 2023 nune
229 1962 335 2033 eredo,
354 1964 440 2024 castis
456 1980 537 2024 nuuc
550 1964 639 2026 iidem
655 1963 740 2025 reddi
756 1966 836 2025 toris.

129 2061 212 2130 ΤΗΤ.
239 2045 310 2125 quid
326 2046 411 2108 liberi
427 2050 584 2110 meruere?

127 2146 209 2193 uuit.
629 2133 709 2213 quod
724 2133 843 2196 fuerant
858 2136 909 2197 tui.

83 2226 112 2284 h'
174 2228 254 2277 ΤΗΤ.
283 2215 394 2278 Gnatus
409 2219 535 2298 parenti.

127 2313 210 2361 ΛΤΒ.
555 2303 650 2363 iateor
666 2311 695 2364 et
710 2303 787 2382 quod
804 2322 853 2364 me
867 2305 957 2374 iuuat,
1011 2330 1014 2335 ¹
1068 2323 1134 2373 1105

129 2393 239 2447 certos.
803 2437 808 2447 .

128 2483 211 2531 ΤΗΤ.
279 2471 397 2549 piorum
412 2470 565 2550 praesides
581 2478 674 2533 testor
689 2471 769 2532 deos.

113 2556 211 2615 'Arre
235 2554 324 2632 quid?
347 2554 534 2634 coniugales?

127 2652 211 2699 ΤΗΤ.
570 2640 684 2702 sceiere
700 2642 765 2720 quis
780 2651 884 2719 pensat
899 2641 1013 2705 scetus?

127 2735 209 2784 ΛΤΒ.
239 2726 301 2786 seio
317 2724 388 2804 quid
404 2726 553 2804 queraris:
574 2725 689 2788 scelere
704 2735 862 2807 praerepto
878 2726 960 2789 doles

127 2826 185 2869 nee
201 2809 279 2888 quud
295 2811 437 2873 nefandas
452 2810 590 2872 hauseris
605 2814 686 2891 angit
701 2811 800 2892 dapes,

129 2894 209 2971 quud
227 2911 286 2954 non
303 2898 431 2972 pararis:

78 2970 117 3030 h''
462 2981 572 3041 Fuerat
585 2981 634 3042 hie
650 2981 765 3043 animus
780 2980 833 3041 tibi

126 3064 279 3125 iustruere
294 3063 404 3126 similes
418 3066 511 3126 inscio
528 3065 612 3126 fratri
629 3066 711 3127 ribus

126 3155 157 3208 et
172 3146 331 3210 adiuuante
346 3149 457 3211 liberos
472 3159 566 3212 matre
583 3151 705 3229 aggredi

125 3231 275 3310 similique
291 3232 350 3295 leta
366 3244 509 3296 sternere.
540 3234 598 3296 hoe
613 3254 706 3296 unum
722 3234 843 3298 obstitit.

123 3346 330 3354 ...η-ὴ...-

143 3390 145 3393 ’
196 3387 262 3437 1088
280 3385 351 3437 haee
369 3405 390 3439 ω
409 3387 472 3438 hee
492 3385 564 3441 Grut.
576 3387 602 3436 E
614 3385 739 3453 Scaliqer.
763 3383 775 3454 11
799 3388 865 3440 1090
883 3381 1035 3450 1111111111

124 3454 192 3504 1092
210 3453 285 3505 mela
298 3459 341 3505 est
353 3456 470 3505 siminus
481 3455 508 3505 Ε
525 3453 599 3505 mela
617 3457 654 3507 sit
666 3456 793 3507 siminus
805 3457 830 3506 A
842 3451 854 3520 ΙΙ
867 3455 933 3505 1099
951 3452 1047 3503 saecla

122 3521 150 3570 A
174 3521 285 3572 seelera
303 3522 341 3574 Ι1ε
370 3520 381 3590 ΙΙ
410 3524 475 3574 1107
498 3523 569 3588 quin
593 3523 756 3589 coniugales
779 3526 810 3576 ei.
829 3522 904 3571 NHe.
933 3518 938 3587 Ι
980 3521 1046 3570 1109

122 3604 177 3639 nee
190 3589 243 3639 ΑΕ
257 3588 286 3654 (t.
294 3589 366 3656 Ha),
385 3606 439 3641 non
455 3590 480 3642 Ε
493 3591 522 3656 (t.
537 3590 594 3656 Gr.)
617 3588 630 3658 ΙΙ
659 3592 751 3657 tangit
763 3591 788 3639 A
808 3590 886 3654 angit
898 3589 924 3639 Ε
950 3584 956 3654 Ι

799 3671 840 3733 7*
