2536 4046
225 225 267 291 26
506 237 538 283 n.
554 236 687 284 nunnnr
703 235 860 285 sunnone

225 388 254 442 et
270 381 319 458 qui
335 378 433 439 fronte
449 377 537 437 nimis
551 376 675 438 crimina
693 377 795 436 tetrica

213 471 374 543 ⁴quaerunt
388 481 423 522 ao
438 470 556 522 ueteres
571 462 724 522 excutiunt
738 477 808 520 reos

227 548 367 609 llentes
382 546 593 626 Eurydicen
615 544 732 606 iuridici
747 545 863 606 sedent.

192 719 237 784 θ’,
270 716 404 778 Tandem
425 714 555 776 mortis
578 715 819 774 ait‘Vincimor'
836 712 983 776 arbiter

227 802 363 863 ‘euade
383 801 424 861 ad
446 817 607 877 superos
627 797 694 874 lege
710 807 808 858 tamen
824 799 905 858 data:

226 891 275 948 ‘tn
290 893 358 966 post
373 893 455 961 terga
471 885 513 944 tui
529 901 620 962 perge
636 883 691 942 utri
707 901 817 943 comes·
882 880 886 887 '

226 972 275 1031 ‘tu
292 989 350 1030 non
366 976 432 1030 ante
447 976 529 1031 tuam
544 969 661 1044 respice
677 970 832 1044 coniugem

227 1058 333 1135 ‘quam
350 1072 417 1131 cum
434 1052 512 1112 clara
528 1052 601 1112 deos
616 1051 755 1130 optulerit
769 1052 833 1112 dies

227 1139 435 1217 ‘spartaniqnc
450 1136 545 1196 aderit
558 1137 645 1196 ianua
661 1135 811 1197 Taenari?

185 1306 216 1366 0⁰
270 1306 338 1368 Odit
352 1323 442 1367 uerus
457 1323 541 1367 amor
555 1322 613 1366 nec
627 1305 737 1382 patitur
754 1323 861 1366 moras.

226 1409 334 1453 munus
350 1391 419 1452 dnm
436 1398 577 1470 properat
592 1407 731 1457 cernere,
747 1390 886 1466 perdidit.

227 1478 347 1537 ouinoas
363 1477 474 1536 utinam
490 1478 554 1535 iura
571 1474 651 1535 lerae
667 1475 763 1552 Stygis

227 1562 446 1636 Parcarumque
463 1559 545 1619 colos
559 1577 620 1619 non
636 1557 838 1618 reuocabiles:

228 1662 319 1723 quac
340 1644 443 1704 uinci
463 1644 585 1722 potuit
609 1643 713 1720 regia
735 1644 874 1712 carmine,

227 1728 317 1789 haec
332 1728 435 1787 uinci
456 1728 599 1806 poterit
619 1728 723 1803 regia
744 1727 870 1789 uiribus.

571 1908 754 1957 HEROVLES

195 2039 212 2073 a
316 2012 340 2073 Ο
356 2012 429 2074 lucis
444 2013 539 2076 almae
553 2022 654 2076 rector
669 2022 698 2075 et
714 2015 787 2077 caeli
802 2016 902 2083 decus,

229 2100 278 2177 qui
294 2098 406 2159 alterna
423 2117 512 2159 curru
529 2101 622 2179 spatia
637 2099 813 2162 tlammilero
829 2099 962 2160 ambiens

228 2182 352 2244 inlustre
366 2182 432 2243 latis
448 2184 545 2243 exeris
560 2185 649 2244 terris
664 2192 761 2263 caput,

228 2267 263 2328 da
280 2266 399 2329 Phoebe
416 2270 550 2338 ueniam,
566 2270 592 2328 si
608 2269 676 2345 quid
693 2269 836 2329 inlicitum
851 2269 896 2328 tui

227 2352 330 2415 uidere
346 2352 455 2415 uultus.
484 2355 581 2414 iussus
596 2353 624 2412 iu
640 2352 737 2413 lucem
754 2352 844 2415 extoli

228 2456 335 2499 arcana
352 2438 463 2499 mundi.
493 2445 606 2516 tuque
623 2437 783 2498 caelestum
800 2437 910 2498 arbiter

113 2580 116 2587 .
228 2540 395 2601 parensque
410 2524 492 2583 uisus
507 2521 630 2583 fulmine
646 2524 782 2602 opposito
798 2516 874 2598 tege.

191 2607 215 2665 o‘
271 2605 314 2666 Et
337 2612 374 2665 tu
395 2607 526 2665 secundo
542 2610 634 2666 maria
651 2609 701 2686 qui
717 2614 835 2686 sceptro
850 2607 939 2684 regis

229 2691 302 2749 imas
318 2696 386 2768 pete
403 2689 507 2750 undas.
536 2693 668 2769 quisquis
684 2711 718 2751 ex
735 2691 793 2752 alto
809 2691 935 2771 adspicit

228 2781 346 2834 terrena
363 2772 436 2834 lacie
452 2772 542 2853 pollui
557 2784 693 2835 metuens
708 2794 794 2846 noua,

229 2861 322 2919 aciem
339 2858 471 2919 cellectat
486 2876 597 2937 oraque
612 2861 643 2919 in
659 2859 771 2921 caelum
789 2859 883 2937 erigat

230 2950 364 3021 portenta
381 2943 507 3020 lugiens.
535 2943 593 3004 hoc
609 2943 692 3004 nolas
707 2953 832 3006 cernant
846 2945 905 3005 dno

296 3096 433 3103 ..--.--—-

296 3165 347 3216 683
369 3161 451 3213 nimis
470 3167 543 3213 tetro
565 3164 591 3214 V
618 3165 734 3214 crimina
751 3166 779 3214 in
795 3122 843 3229 mp.
865 3165 892 3215 V
923 3159 936 3231 ΙΙ
969 3164 1018 3214 691
1043 3161 1150 3213 tronuli

233 3231 259 3282 V
272 3226 298 3349 pl
329 3231 379 3281 563
402 3230 601 3282 irrcnocobiles
619 3248 638 3282 α
667 3247 731 3282 non
753 3231 933 3282 reuolubilee
951 3229 1150 3281 Broulrlcouoiua

229 3306 255 3349 et
299 3314 434 3350 armannus
461 3293 475 3365 ss
503 3302 553 3349 594
577 3301 697 3349 carmine
711 3300 767 3350 EV
787 3299 953 3349 cantibusA
988 3294 1002 3365 1]
1035 3298 1087 3348 596
1105 3296 1149 3347 al·

229 3383 290 3418 mee
312 3366 457 3419 sceletum·
477 3370 612 3433 exemplar
640 3367 711 3417 ulmo
730 3368 754 3417 Α
789 3362 807 3433 {1
844 3369 894 3418 598
921 3367 989 3417 lotis
1007 3365 1032 3416 E
1062 3365 1149 3417 lactis

230 3436 280 3499 Αφ
308 3432 320 3503 Η
349 3438 398 3486 601
419 3435 557 3485 arachano
574 3434 631 3485 EV
658 3440 768 3486 secroto
785 3436 810 3484 A
840 3430 853 3500 ll
882 3434 1025 3487 celestium
1046 3434 1093 3496 ch
1122 3428 1136 3498 ΙΙ

230 3504 279 3554 603
296 3504 384 3553 morio
402 3501 492 3553 abesae
510 3505 612 3553 uidetur
628 3504 654 3553 V
678 3499 691 3569 ΙΙ
720 3505 771 3554 604
789 3503 908 3568 petendo
930 3504 957 3553 V
958 3502 964 3533 ¹
985 3497 997 3568 ss
