2576 4044
401 313 584 362 unncvnns
602 297 791 382 [onrauvs]
989 293 1052 359 389

135 464 265 517 mentem
282 472 337 534 por
353 462 433 516 ortus
449 454 534 516 adeat
549 464 578 515 et
595 455 714 514 tacitum
729 457 858 514 iratumas
1070 458 1121 509 640

134 542 227 601 intret
241 538 393 602 medullas.

134 638 237 685 nuru.
436 626 519 684 oeius
533 625 611 685 iussa
628 638 772 700 exsequor

135 709 268 778 alumna,
286 708 427 787 precihus
443 716 474 769 tu
490 708 578 768 deum
595 708 736 767 inuictum
753 705 864 766 aduoea

135 795 186 872 qui
202 803 281 855 eerta
299 803 400 853 tenera
417 791 474 853 tela
489 791 615 861 ‚dimittit
629 807 727 851 manu.

134 891 255 939 nemu.
271 885 300 938 te
316 878 463 957 deprecor
478 894 565 956 quem
582 876 710 936 mundus
726 881 756 936 et
769 874 870 953 superi
885 874 990 934 timent

135 974 164 1023 et
179 981 292 1041 aequor
308 971 338 1022 et
353 962 402 1040 qui
417 960 529 1021 fulmen
546 967 699 1021 aetnaeum
716 959 812 1037 quatis

134 1047 266 1108 timende
281 1047 367 1107 matri
383 1053 413 1106 te
427 1045 520 1123 aliger
536 1063 643 1106 saeuae
659 1062 749 1122 puer:

134 1131 255 1191 intende
271 1139 351 1191 certa
368 1129 512 1208 spiculum
530 1130 616 1191 uelox
634 1147 721 1190 mann

133 1233 193 1276 non
210 1235 246 1277 ex
261 1217 374 1294 sagittis
388 1214 517 1285 lenibus,
536 1233 570 1275 ex
586 1231 691 1275 umero
706 1230 815 1293 precor

134 1300 277 1377 deprome
292 1301 414 1378 grauius
429 1300 507 1378 quod
524 1306 591 1360 tuae
607 1297 738 1358 nondum
753 1313 858 1358 manus

133 1386 244 1444 misere
259 1384 287 1442 in
304 1383 448 1461 aliquem:
471 1401 531 1442 non
548 1382 605 1444 leui
621 1381 681 1443 telo
698 1389 742 1442 est
759 1398 850 1461 opus,

134 1474 168 1528 ut
183 1485 284 1528 amare
298 1469 393 1546 possit
407 1466 559 1528 Hercules.
591 1465 690 1544 rigida
705 1483 795 1527 manu

134 1552 256 1612 intende
272 1559 301 1612 et
317 1570 419 1613 arcum
437 1550 578 1612 cornibus
593 1552 699 1611 iunctis
715 1568 795 1629 para.

134 1654 215 1696 nunc
230 1654 310 1697 nune
325 1637 459 1715 sagittam
476 1654 580 1715 promo
596 1654 653 1715 qua
670 1634 819 1714 quondam
836 1634 990 1696 horridum

135 1721 237 1783 louem
254 1722 368 1798 petisti,
385 1720 507 1782 fulmine
524 1720 638 1781 abiecto
654 1720 727 1782 deus

134 1824 201 1867 eum
218 1806 318 1866 ironte
333 1805 428 1868 subita
445 1807 553 1867 tumuit
569 1813 599 1866 et
612 1804 749 1867 rabidum
766 1823 849 1867 mare

134 1899 237 1950 taurus
252 1891 368 1968 puellae
384 1896 487 1952 uector
502 1892 630 1971 assyriae
646 1890 742 1951 scidit.

134 1976 251 2036 inmitte
268 1994 408 2036 amorem.
439 1977 540 2037 uinoat
557 1975 691 2053 exempla
709 1977 816 2035 omnia.

134 2077 235 2119 amare
251 2060 344 2120 diseat
359 2061 525 2137 coniugem.
557 2061 580 2118 si
597 2077 670 2138 quas
685 2060 776 2121 decor

133 2138 211 2203 loles
225 2145 332 2204 inussit
346 2146 459 2222 pectori
475 2143 616 2205 herculeo
632 2144 727 2215 iaces,

135 2228 274 2303 extingue
290 2234 380 2288 totas:
403 2227 542 2307 perbibat
556 2227 689 2288 llaormas
705 2229 773 2289 mei.

135 2317 164 2371 tu
181 2311 387 2374 fulminantem
404 2331 493 2374 saeue
509 2313 649 2373 domuisti
664 2312 779 2382 leuem,

133 2401 164 2455 tu
181 2395 267 2457 iurua
283 2397 359 2474 nigri
375 2404 492 2474 sceptra
509 2403 672 2475 gestantem
690 2396 751 2475 poli

105 2490 111 2497 ’
134 2480 239 2542 turbae
255 2480 360 2541 ducem
376 2483 499 2542 maioris
516 2490 544 2541 et
559 2481 710 2541 dominum
727 2481 837 2560 Stygis:

200 2650 250 2701 640
268 2652 441 2715 mentemque
454 2650 507 2700 Ru
523 2649 618 2699 lente
637 2654 678 2699 oet
694 2651 818 2700 sensim
837 2650 914 2701 NHs.
926 2647 938 2717 ΙΙ
950 2652 1052 2702 teritur

131 2730 191 2765 mss
214 2716 240 2766 Ε
269 2718 373 2768 teritus
397 2718 502 2781 imesg
525 2718 682 2767 Heinsianus
699 2718 780 2767 minor
808 2721 901 2768 taetus
922 2719 993 2769 imos
1011 2720 1052 2769 M]

131 2786 225 2833 taetus
244 2785 320 2835 sinus
338 2786 364 2836 A
394 2790 497 2836 testum
518 2785 606 2834 cicius
625 2785 661 2834 al’
681 2786 798 2836 sinusli
828 2790 906 2836 testu
924 2786 1051 2838 intimos

131 2852 239 2917 Lipsius
268 2854 390 2903 tacitum
408 2854 546 2903 intumas
567 2853 645 2905 Oreo.
664 2860 689 2903 et
707 2853 782 2906 NHs.
806 2849 819 2921 ΙΙ
842 2855 890 2905 641
910 2853 999 2905 Intret
1017 2855 1051 2905 ad

131 2934 165 2970 m.
186 2919 211 2969 Ε
234 2921 269 2971 ad
287 2937 333 2971 om.
353 2923 378 2972 A
408 2917 420 2983 ΙΙ
448 2922 499 2972 544
516 2922 556 2970 Te
574 2920 707 2987 deprecor
724 2920 751 2970 E
772 2921 811 2972 Te
830 2927 858 2972 te
876 2937 973 2986 precor
991 2924 1016 2973 A
1037 2923 1050 2985 Η

131 2988 181 3039 646
201 2991 292 3053 quatit
305 3005 327 3039 ω
345 2989 444 3052 quatis
456 2989 507 3041 Bo.
523 2984 536 3054 ll
553 2990 603 3038 646
621 2994 649 3038 te
668 2991 757 3053 eliger
774 2989 800 3038 E
818 2990 919 3054 teliger
931 2991 956 3040 A
973 2985 1051 3056 {1548

132 3072 165 3105 ex
183 3072 204 3106 a.
224 3054 270 3122 toll
282 3074 316 3107 ex
329 3057 460 3108 umeroE
480 3058 657 3107 enumeroA
675 3052 687 3121 ΙΙ
704 3057 754 3108 649
773 3056 896 3108 Grauide
915 3073 1007 3123 prome
1026 3058 1052 3107 E

132 3121 265 3174 Grauiore
284 3126 379 3189 profer
398 3125 421 3174 A
440 3125 579 3189 Deprome
599 3126 723 3189 grauius
740 3127 836 3189 scripsi
846 3122 858 3191 ll
877 3126 925 3175 661
944 3124 1049 3191 rigidae

131 3205 229 3240 monus
249 3194 289 3242 εΑ
307 3193 402 3258 rigide
420 3207 508 3242 menu
526 3193 602 3242 NHs.
616 3188 627 3259 Η
640 3193 690 3243 663
709 3193 823 3242 condam
843 3194 869 3243 E
880 3190 892 3258 ΙΙ
903 3192 1050 3243 horridtiE

131 3257 257 3308 horridus
275 3260 300 3308 A
313 3257 325 3326 ΙΙ
342 3262 392 3311 666
411 3259 505 3311 subite
524 3263 563 3311 εΑ
583 3262 681 3312 subito
700 3262 840 3311 Ascensius
851 3256 864 3328 Η
880 3261 980 3309 tumuit
998 3260 1050 3323 (uit

131 3325 157 3374 ia
174 3340 228 3374 ras.
243 3343 288 3390 pr.
306 3327 350 3391 m.)
369 3328 418 3391 Εψ
445 3328 536 3377 timuit
554 3328 578 3377 A
609 3325 620 3395 ΙΙ
648 3328 774 3379 rabidum
793 3329 818 3378 Ε
846 3327 971 3392 rapidum
990 3327 1015 3376 A
1036 3326 1050 3389 ΙΙ

133 3394 183 3442 666
197 3393 315 3443 exscidit
326 3395 351 3444 Ε
369 3396 452 3446 ecidit
464 3397 489 3446 A
501 3392 513 3462 l}
525 3397 575 3447 658
588 3397 731 3460 coniugem
745 3396 770 3446 Ε
789 3396 918 3461 coniuges
931 3395 957 3445 A
969 3390 1050 3512 &559

133 3460 208 3510 Ioles
226 3461 329 3511 inussit
346 3463 371 3513 Ε
400 3465 517 3515 Immisit
534 3463 607 3515 Ioles
626 3466 651 3515 A
681 3461 692 3529 ΙΙ
722 3466 771 3515 560
794 3468 868 3514 totus
890 3462 916 3511 E
935 3469 953 3516 t.
998 3461 1048 3513 Hs.

132 3528 281 3594 Extingue.
306 3530 391 3581 Totus
409 3532 539 3596 perbibet
556 3532 632 3583 NHs.
664 3537 738 3582 totas
757 3531 797 3583 εΑ
820 3528 832 3598 ΙΙ
855 3530 971 3581 formam
993 3532 1049 3580 mei

133 3597 174 3646 M)
185 3592 197 3663 ΙΙ
209 3597 257 3647 661
277 3612 362 3663 saepe
376 3600 415 3649 εΑ
435 3615 528 3650 sseue
541 3602 642 3664 scripsi.
655 3596 668 3667 ll
680 3601 729 3650 562
747 3600 829 3650 inrue
842 3600 882 3649 εΑ
900 3596 979 3648 fulua
991 3605 1014 3663 ψ
1027 3594 1039 3662 ΙΙ
