<?xml version="1.0" encoding="UTF-8"?>
<!DOCTYPE html PUBLIC "-//W3C//DTD XHTML 1.0 Transitional//EN"
    "http://www.w3.org/TR/xhtml1/DTD/xhtml1-transitional.dtd">
<html xmlns="http://www.w3.org/1999/xhtml" xml:lang="en" lang="en">
 <head>
  <title>
</title>
<meta http-equiv="Content-Type" content="text/html;charset=utf-8" />
  <meta name='ocr-system' content='tesseract 3.04.00' />
  <meta name='ocr-capabilities' content='ocr_page ocr_carea ocr_par ocr_line ocrx_word'/>
</head>
<body>
  <div class='ocr_page' id='page_1' title='image "./lannaeisenecaet08senegoog_0363.png"; bbox 0 0 2504 4040; ppageno 0'>
   <div class='ocr_carea' id='block_1_1' title="bbox 176 237 819 302">
    <p class='ocr_par' dir='ltr' id='par_1_1' title="bbox 176 237 819 302">
     <span class='ocr_line' id='line_1_1' title="bbox 176 237 819 302; baseline -0.005 0"><span class='ocrx_word' id='word_1_1' title='bbox 176 237 240 302; x_wconf 87' lang='grc'>282</span> <span class='ocrx_word' id='word_1_2' title='bbox 466 255 497 300; x_wconf 81' lang='lat' dir='ltr'>n.</span> <span class='ocrx_word' id='word_1_3' title='bbox 514 254 646 301; x_wconf 74' lang='lat' dir='ltr'>Annum</span> <span class='ocrx_word' id='word_1_4' title='bbox 662 253 819 301; x_wconf 78' lang='lat' dir='ltr'>sennenn</span> 
     </span>
    </p>
   </div>
   <div class='ocr_carea' id='block_1_2' title="bbox 140 393 1167 2586">
    <p class='ocr_par' dir='ltr' id='par_1_2' title="bbox 179 393 898 809">
     <span class='ocr_line' id='line_1_2' title="bbox 179 393 898 472; baseline 0.001 -19"><span class='ocrx_word' id='word_1_5' title='bbox 179 394 249 453; x_wconf 90' lang='lat' dir='ltr'>hoc</span> <span class='ocrx_word' id='word_1_6' title='bbox 265 393 391 453; x_wconf 86' lang='lat' dir='ltr'>lacere</span> <span class='ocrx_word' id='word_1_7' title='bbox 408 393 513 453; x_wconf 89' lang='lat' dir='ltr'>lason</span> <span class='ocrx_word' id='word_1_8' title='bbox 531 394 671 471; x_wconf 78' lang='lat' dir='ltr'>potuit?</span> <span class='ocrx_word' id='word_1_9' title='bbox 696 400 798 472; x_wconf 88' lang='lat' dir='ltr'>erepto</span> <span class='ocrx_word' id='word_1_10' title='bbox 815 400 898 470; x_wconf 89' lang='lat' dir='ltr'>patre</span> 
     </span>
     <span class='ocr_line' id='line_1_3' title="bbox 180 477 857 557; baseline 0 -20"><span class='ocrx_word' id='word_1_11' title='bbox 180 479 275 557; x_wconf 87' lang='lat' dir='ltr'>patria</span> <span class='ocrx_word' id='word_1_12' title='bbox 292 484 378 556; x_wconf 87' lang='lat' dir='ltr'>atque</span> <span class='ocrx_word' id='word_1_13' title='bbox 394 494 487 555; x_wconf 84' lang='lat' dir='ltr'>regno</span> <span class='ocrx_word' id='word_1_14' title='bbox 504 477 624 538; x_wconf 89' lang='lat' dir='ltr'>sedibus</span> <span class='ocrx_word' id='word_1_15' title='bbox 639 477 731 538; x_wconf 89' lang='lat' dir='ltr'>solam</span> <span class='ocrx_word' id='word_1_16' title='bbox 749 480 857 539; x_wconf 85' lang='lat' dir='ltr'>exteris</span> 
     </span>
     <span class='ocr_line' id='line_1_4' title="bbox 181 562 847 639; baseline 0.003 -17"><span class='ocrx_word' id='word_1_17' title='bbox 181 562 338 622; x_wconf 76' lang='lat' dir='ltr'>deserere?</span> <span class='ocrx_word' id='word_1_18' title='bbox 361 563 453 623; x_wconf 89' lang='lat' dir='ltr'>dorus</span> <span class='ocrx_word' id='word_1_19' title='bbox 468 564 572 622; x_wconf 91' lang='lat' dir='ltr'>merita</span> <span class='ocrx_word' id='word_1_20' title='bbox 590 564 767 639; x_wconf 79' lang='lat' dir='ltr'>contempsit</span> <span class='ocrx_word' id='word_1_21' title='bbox 782 581 847 624; x_wconf 89' lang='lat' dir='ltr'>mea</span> 
     </span>
     <span class='ocr_line' id='line_1_5' title="bbox 180 646 891 726; baseline 0.001 -20"><span class='ocrx_word' id='word_1_22' title='bbox 180 649 230 726; x_wconf 88' lang='lat' dir='ltr'>qui</span> <span class='ocrx_word' id='word_1_23' title='bbox 245 647 357 707; x_wconf 87' lang='lat' dir='ltr'>scelere</span> <span class='ocrx_word' id='word_1_24' title='bbox 373 646 506 707; x_wconf 80' lang='lat' dir='ltr'>llamnms</span> <span class='ocrx_word' id='word_1_25' title='bbox 521 647 638 707; x_wconf 87' lang='lat' dir='ltr'>uiderat</span> <span class='ocrx_word' id='word_1_26' title='bbox 653 649 732 707; x_wconf 88' lang='lat' dir='ltr'>uinci</span> <span class='ocrx_word' id='word_1_27' title='bbox 749 654 777 707; x_wconf 89' lang='lat' dir='ltr'>et</span> <span class='ocrx_word' id='word_1_28' title='bbox 791 648 891 709; x_wconf 80' lang='lat' dir='ltr'>mare?</span> 
     </span>
     <span class='ocr_line' id='line_1_6' title="bbox 179 731 854 809; baseline -0.001 -16"><span class='ocrx_word' id='word_1_29' title='bbox 179 732 291 793; x_wconf 88' lang='lat' dir='ltr'>adeone</span> <span class='ocrx_word' id='word_1_30' title='bbox 308 732 409 792; x_wconf 79' lang='lat' dir='ltr'>credet</span> <span class='ocrx_word' id='word_1_31' title='bbox 424 750 511 791; x_wconf 90' lang='lat' dir='ltr'>omne</span> <span class='ocrx_word' id='word_1_32' title='bbox 527 739 735 809; x_wconf 88' lang='lat' dir='ltr'>consumptum</span> <span class='ocrx_word' id='word_1_33' title='bbox 751 731 854 792; x_wconf 86' lang='lat' dir='ltr'>neias‘l</span> 
     </span>
    </p>

    <p class='ocr_par' dir='ltr' id='par_1_3' title="bbox 144 817 940 1233">
     <span class='ocr_line' id='line_1_7' title="bbox 144 817 834 877; baseline -0.001 -1"><span class='ocrx_word' id='word_1_34' title='bbox 144 817 171 876; x_wconf 67' lang='grc' dir='ltr'>α’</span> <span class='ocrx_word' id='word_1_35' title='bbox 223 817 340 877; x_wconf 89' lang='lat' dir='ltr'>Incerta</span> <span class='ocrx_word' id='word_1_36' title='bbox 356 835 479 877; x_wconf 87' lang='lat' dir='ltr'>uaecors</span> <span class='ocrx_word' id='word_1_37' title='bbox 496 826 594 877; x_wconf 89' lang='lat' dir='ltr'>mente</span> <span class='ocrx_word' id='word_1_38' title='bbox 610 834 737 876; x_wconf 90' lang='lat' dir='ltr'>uaesana</span> <span class='ocrx_word' id='word_1_39' title='bbox 753 817 834 876; x_wconf 86' lang='lat' dir='ltr'>feror</span> 
     </span>
     <span class='ocr_line' id='line_1_8' title="bbox 173 899 871 980; baseline 0.003 -20"><span class='ocrx_word' id='word_1_40' title='bbox 173 910 278 978; x_wconf 81' lang='lat' dir='ltr'>‚partes</span> <span class='ocrx_word' id='word_1_41' title='bbox 293 903 321 960; x_wconf 93' lang='lat' dir='ltr'>in</span> <span class='ocrx_word' id='word_1_42' title='bbox 339 918 456 969; x_wconf 89' lang='lat' dir='ltr'>omnes,</span> <span class='ocrx_word' id='word_1_43' title='bbox 473 901 551 961; x_wconf 90' lang='lat' dir='ltr'>unde</span> <span class='ocrx_word' id='word_1_44' title='bbox 566 919 613 961; x_wconf 91' lang='lat' dir='ltr'>me</span> <span class='ocrx_word' id='word_1_45' title='bbox 630 899 730 961; x_wconf 86' lang='lat' dir='ltr'>ulcisci</span> <span class='ocrx_word' id='word_1_46' title='bbox 747 902 871 980; x_wconf 80' lang='lat' dir='ltr'><strong>queam?</strong></span> 
     </span>
     <span class='ocr_line' id='line_1_9' title="bbox 178 985 940 1048; baseline 0.003 -3"><span class='ocrx_word' id='word_1_47' title='bbox 178 987 290 1045; x_wconf 81' lang='lat' dir='ltr'>utinam</span> <span class='ocrx_word' id='word_1_48' title='bbox 308 993 384 1045; x_wconf 88' lang='lat' dir='ltr'>esset</span> <span class='ocrx_word' id='word_1_49' title='bbox 399 985 442 1047; x_wconf 93' lang='lat' dir='ltr'>illi</span> <span class='ocrx_word' id='word_1_50' title='bbox 457 986 559 1047; x_wconf 85' lang='lat' dir='ltr'>irater.</span> <span class='ocrx_word' id='word_1_51' title='bbox 592 995 634 1045; x_wconf 89' lang='lat' dir='ltr'>est</span> <span class='ocrx_word' id='word_1_52' title='bbox 651 987 794 1046; x_wconf 88' lang='lat' dir='ltr'>coniunx:</span> <span class='ocrx_word' id='word_1_53' title='bbox 818 988 848 1046; x_wconf 91' lang='lat' dir='ltr'>in</span> <span class='ocrx_word' id='word_1_54' title='bbox 864 989 940 1048; x_wconf 87' lang='lat' dir='ltr'>banc</span> 
     </span>
     <span class='ocr_line' id='line_1_10' title="bbox 180 1070 932 1146; baseline 0.004 -18"><span class='ocrx_word' id='word_1_55' title='bbox 180 1070 291 1130; x_wconf 88' lang='lat' dir='ltr'>lerrum</span> <span class='ocrx_word' id='word_1_56' title='bbox 309 1073 451 1146; x_wconf 81' lang='lat' dir='ltr'>exigatur.</span> <span class='ocrx_word' id='word_1_57' title='bbox 470 1105 508 1115; x_wconf 94' lang='lat'>-</span> <span class='ocrx_word' id='word_1_58' title='bbox 525 1070 582 1129; x_wconf 89' lang='lat' dir='ltr'>boo</span> <span class='ocrx_word' id='word_1_59' title='bbox 598 1071 670 1129; x_wconf 88' lang='lat' dir='ltr'>meis</span> <span class='ocrx_word' id='word_1_60' title='bbox 686 1071 755 1129; x_wconf 88' lang='lat' dir='ltr'>satis</span> <span class='ocrx_word' id='word_1_61' title='bbox 771 1078 816 1129; x_wconf 88' lang='lat' dir='ltr'>est</span> <span class='ocrx_word' id='word_1_62' title='bbox 830 1071 932 1131; x_wconf 79' lang='lat' dir='ltr'>malis?</span> 
     </span>
     <span class='ocr_line' id='line_1_11' title="bbox 179 1153 851 1233; baseline 0.003 -19"><span class='ocrx_word' id='word_1_63' title='bbox 179 1157 204 1214; x_wconf 93' lang='lat' dir='ltr'>si</span> <span class='ocrx_word' id='word_1_64' title='bbox 220 1155 300 1233; x_wconf 89' lang='lat' dir='ltr'>quod</span> <span class='ocrx_word' id='word_1_65' title='bbox 315 1153 453 1232; x_wconf 83' lang='lat' dir='ltr'>pelasgae</span> <span class='ocrx_word' id='word_1_66' title='bbox 469 1156 493 1216; x_wconf 89' lang='lat' dir='ltr'>si</span> <span class='ocrx_word' id='word_1_67' title='bbox 510 1154 588 1230; x_wconf 87' lang='lat' dir='ltr'>quod</span> <span class='ocrx_word' id='word_1_68' title='bbox 606 1153 690 1215; x_wconf 88' lang='lat' dir='ltr'>urbis</span> <span class='ocrx_word' id='word_1_69' title='bbox 705 1153 851 1216; x_wconf 89' lang='lat' dir='ltr'>barbarae</span> 
     </span>
    </p>

    <p class='ocr_par' dir='ltr' id='par_1_4' title="bbox 140 1239 1167 2069">
     <span class='ocr_line' id='line_1_12' title="bbox 140 1239 890 1317; baseline 0.001 -18"><span class='ocrx_word' id='word_1_70' title='bbox 140 1277 144 1281; x_wconf 93' lang='lat'><em>-</em></span> <span class='ocrx_word' id='word_1_71' title='bbox 179 1257 292 1299; x_wconf 87' lang='lat' dir='ltr'>nouere</span> <span class='ocrx_word' id='word_1_72' title='bbox 307 1240 421 1300; x_wconf 87' lang='lat' dir='ltr'>lacinus</span> <span class='ocrx_word' id='word_1_73' title='bbox 437 1239 515 1317; x_wconf 88' lang='lat' dir='ltr'>quod</span> <span class='ocrx_word' id='word_1_74' title='bbox 532 1248 601 1300; x_wconf 90' lang='lat' dir='ltr'>tuae</span> <span class='ocrx_word' id='word_1_75' title='bbox 617 1240 756 1316; x_wconf 80' lang='lat' dir='ltr'>ignorant</span> <span class='ocrx_word' id='word_1_76' title='bbox 770 1258 890 1308; x_wconf 87' lang='lat' dir='ltr'>manus,</span> 
     </span>
     <span class='ocr_line' id='line_1_13' title="bbox 178 1323 969 1401; baseline 0.003 -18"><span class='ocrx_word' id='word_1_77' title='bbox 178 1342 258 1384; x_wconf 89' lang='lat' dir='ltr'>nuno</span> <span class='ocrx_word' id='word_1_78' title='bbox 275 1331 319 1385; x_wconf 91' lang='lat' dir='ltr'>est</span> <span class='ocrx_word' id='word_1_79' title='bbox 332 1325 506 1401; x_wconf 85' lang='lat' dir='ltr'>parandum.</span> <span class='ocrx_word' id='word_1_80' title='bbox 538 1323 685 1384; x_wconf 83' lang='lat' dir='ltr'>scelera</span> <span class='ocrx_word' id='word_1_81' title='bbox 700 1332 729 1383; x_wconf 88' lang='lat' dir='ltr'>te</span> <span class='ocrx_word' id='word_1_82' title='bbox 748 1323 904 1384; x_wconf 89' lang='lat' dir='ltr'>hortentur</span> <span class='ocrx_word' id='word_1_83' title='bbox 920 1333 969 1385; x_wconf 88' lang='lat' dir='ltr'>tua</span> 
     </span>
     <span class='ocr_line' id='line_1_14' title="bbox 180 1408 483 1470; baseline -0.007 0"><span class='ocrx_word' id='word_1_84' title='bbox 180 1419 208 1470; x_wconf 88' lang='lat' dir='ltr'>et</span> <span class='ocrx_word' id='word_1_85' title='bbox 224 1417 329 1470; x_wconf 90' lang='lat' dir='ltr'>cuncta</span> <span class='ocrx_word' id='word_1_86' title='bbox 345 1408 483 1469; x_wconf 82' lang='lat' dir='ltr'>redeant:</span> 
     </span>
     <span class='ocr_line' id='line_1_15' title="bbox 164 1493 878 1569; baseline 0 -16"><span class='ocrx_word' id='word_1_87' title='bbox 164 1493 171 1513; x_wconf 93' lang='lat'><em>&#39;</em></span> <span class='ocrx_word' id='word_1_88' title='bbox 535 1493 670 1553; x_wconf 88' lang='lat' dir='ltr'>inclitum</span> <span class='ocrx_word' id='word_1_89' title='bbox 687 1494 771 1569; x_wconf 85' lang='lat' dir='ltr'>regni</span> <span class='ocrx_word' id='word_1_90' title='bbox 787 1493 878 1553; x_wconf 88' lang='lat' dir='ltr'>decus</span> 
     </span>
     <span class='ocr_line' id='line_1_16' title="bbox 180 1577 920 1659; baseline 0 -23"><span class='ocrx_word' id='word_1_91' title='bbox 180 1585 296 1655; x_wconf 90' lang='lat' dir='ltr'>raptum</span> <span class='ocrx_word' id='word_1_92' title='bbox 314 1586 343 1637; x_wconf 90' lang='lat' dir='ltr'>et</span> <span class='ocrx_word' id='word_1_93' title='bbox 360 1577 504 1638; x_wconf 80' lang='lat' dir='ltr'>nefandae</span> <span class='ocrx_word' id='word_1_94' title='bbox 518 1579 643 1653; x_wconf 81' lang='lat' dir='ltr'>uirginis</span> <span class='ocrx_word' id='word_1_95' title='bbox 658 1595 769 1654; x_wconf 88' lang='lat' dir='ltr'>paruus</span> <span class='ocrx_word' id='word_1_96' title='bbox 785 1595 884 1638; x_wconf 87' lang='lat' dir='ltr'>comes</span> <span class='ocrx_word' id='word_1_97' title='bbox 916 1650 920 1659; x_wconf 88' lang='lat'><em>.</em></span> 
     </span>
     <span class='ocr_line' id='line_1_17' title="bbox 180 1663 744 1739; baseline -0.002 -18"><span class='ocrx_word' id='word_1_98' title='bbox 180 1663 293 1723; x_wconf 89' lang='lat' dir='ltr'>diuisus</span> <span class='ocrx_word' id='word_1_99' title='bbox 309 1681 379 1722; x_wconf 88' lang='lat' dir='ltr'>ense</span> <span class='ocrx_word' id='word_1_100' title='bbox 396 1664 484 1722; x_wconf 88' lang='lat' dir='ltr'>lunus</span> <span class='ocrx_word' id='word_1_101' title='bbox 500 1663 649 1738; x_wconf 79' lang='lat' dir='ltr'>ingestum</span> <span class='ocrx_word' id='word_1_102' title='bbox 667 1664 744 1739; x_wconf 91' lang='lat' dir='ltr'>patri</span> 
     </span>
     <span class='ocr_line' id='line_1_18' title="bbox 173 1746 863 1826; baseline 0 -20"><span class='ocrx_word' id='word_1_103' title='bbox 173 1764 375 1826; x_wconf 84' lang='lat' dir='ltr'>sparsumque</span> <span class='ocrx_word' id='word_1_104' title='bbox 391 1753 482 1824; x_wconf 91' lang='lat' dir='ltr'>ponto</span> <span class='ocrx_word' id='word_1_105' title='bbox 499 1764 609 1825; x_wconf 92' lang='lat' dir='ltr'>corpus</span> <span class='ocrx_word' id='word_1_106' title='bbox 626 1752 656 1806; x_wconf 89' lang='lat' dir='ltr'>et</span> <span class='ocrx_word' id='word_1_107' title='bbox 669 1746 767 1806; x_wconf 84' lang='lat' dir='ltr'>Peliae</span> <span class='ocrx_word' id='word_1_108' title='bbox 784 1748 863 1807; x_wconf 90' lang='lat' dir='ltr'>senis</span> 
     </span>
     <span class='ocr_line' id='line_1_19' title="bbox 181 1831 866 1908; baseline 0.001 -17"><span class='ocrx_word' id='word_1_109' title='bbox 181 1831 302 1891; x_wconf 86' lang='lat' dir='ltr'>decocta</span> <span class='ocrx_word' id='word_1_110' title='bbox 319 1849 393 1891; x_wconf 89' lang='lat' dir='ltr'>aeno</span> <span class='ocrx_word' id='word_1_111' title='bbox 408 1831 553 1891; x_wconf 88' lang='lat' dir='ltr'>membra.</span> <span class='ocrx_word' id='word_1_112' title='bbox 584 1831 732 1891; x_wconf 79' lang='lat' dir='ltr'>funestum</span> <span class='ocrx_word' id='word_1_113' title='bbox 749 1832 828 1908; x_wconf 84' lang='lat' dir='ltr'>inpio</span> <span class='ocrx_word' id='word_1_114' title='bbox 861 1838 866 1845; x_wconf 85' lang='lat'>&#39;</span> 
     </span>
     <span class='ocr_line' id='line_1_20' title="bbox 181 1913 1167 1995; baseline 0.002 -20"><span class='ocrx_word' id='word_1_115' title='bbox 181 1933 269 1992; x_wconf 91' lang='lat' dir='ltr'>quam</span> <span class='ocrx_word' id='word_1_116' title='bbox 285 1934 372 1995; x_wconf 88' lang='lat' dir='ltr'>saepe</span> <span class='ocrx_word' id='word_1_117' title='bbox 388 1916 451 1975; x_wconf 90' lang='lat' dir='ltr'>ludi</span> <span class='ocrx_word' id='word_1_118' title='bbox 466 1917 649 1993; x_wconf 84' lang='lat' dir='ltr'>sanguinem.</span> <span class='ocrx_word' id='word_1_119' title='bbox 681 1922 711 1975; x_wconf 84' lang='lat' dir='ltr'>et</span> <span class='ocrx_word' id='word_1_120' title='bbox 725 1913 837 1976; x_wconf 90' lang='lat' dir='ltr'>nullum</span> <span class='ocrx_word' id='word_1_121' title='bbox 854 1916 980 1978; x_wconf 88' lang='lat' dir='ltr'>scelus</span> <span class='ocrx_word' id='word_1_122' title='bbox 1116 1929 1167 1977; x_wconf 80' lang='lat'>135</span> 
     </span>
     <span class='ocr_line' id='line_1_21' title="bbox 180 1999 991 2069; baseline 0.002 -10"><span class='ocrx_word' id='word_1_123' title='bbox 180 2002 253 2061; x_wconf 92' lang='lat' dir='ltr'>irata</span> <span class='ocrx_word' id='word_1_124' title='bbox 270 2000 341 2069; x_wconf 86' lang='lat' dir='ltr'>leci,</span> <span class='ocrx_word' id='word_1_125' title='bbox 359 2002 454 2061; x_wconf 91' lang='lat' dir='ltr'>saeuit</span> <span class='ocrx_word' id='word_1_126' title='bbox 467 1999 569 2061; x_wconf 79' lang='lat' dir='ltr'>infelix</span> <span class='ocrx_word' id='word_1_127' title='bbox 585 2018 677 2059; x_wconf 89' lang='lat' dir='ltr'>amor.</span> <span class='ocrx_word' id='word_1_128' title='bbox 987 2054 991 2061; x_wconf 90' lang='lat'>.</span> 
     </span>
    </p>

    <p class='ocr_par' dir='ltr' id='par_1_5' title="bbox 145 2083 939 2586">
     <span class='ocr_line' id='line_1_22' title="bbox 145 2083 939 2162; baseline 0.004 -20"><span class='ocrx_word' id='word_1_129' title='bbox 145 2109 163 2142; x_wconf 80' lang='lat' dir='ltr'>a</span> <span class='ocrx_word' id='word_1_130' title='bbox 225 2085 319 2156; x_wconf 84' lang='lat' dir='ltr'>Quid</span> <span class='ocrx_word' id='word_1_131' title='bbox 336 2092 457 2145; x_wconf 91' lang='lat' dir='ltr'>tamen</span> <span class='ocrx_word' id='word_1_132' title='bbox 473 2086 579 2145; x_wconf 92' lang='lat' dir='ltr'>lason</span> <span class='ocrx_word' id='word_1_133' title='bbox 597 2084 718 2162; x_wconf 86' lang='lat' dir='ltr'>potuit</span> <span class='ocrx_word' id='word_1_134' title='bbox 733 2083 819 2145; x_wconf 87' lang='lat' dir='ltr'>alieni</span> <span class='ocrx_word' id='word_1_135' title='bbox 836 2086 939 2146; x_wconf 84' lang='lat' dir='ltr'>arbitri</span> 
     </span>
     <span class='ocr_line' id='line_1_23' title="bbox 179 2168 842 2246; baseline 0 -18"><span class='ocrx_word' id='word_1_136' title='bbox 179 2170 310 2246; x_wconf 88' lang='lat' dir='ltr'>iurisque</span> <span class='ocrx_word' id='word_1_137' title='bbox 326 2168 437 2229; x_wconf 76' lang='lat' dir='ltr'>iactus?</span> <span class='ocrx_word' id='word_1_138' title='bbox 456 2205 490 2215; x_wconf 95' lang='lat'>—</span> <span class='ocrx_word' id='word_1_139' title='bbox 509 2170 611 2230; x_wconf 88' lang='lat' dir='ltr'>debuit</span> <span class='ocrx_word' id='word_1_140' title='bbox 626 2170 706 2228; x_wconf 87' lang='lat' dir='ltr'>lerro</span> <span class='ocrx_word' id='word_1_141' title='bbox 723 2168 842 2228; x_wconf 91' lang='lat' dir='ltr'>obuium</span> 
     </span>
     <span class='ocr_line' id='line_1_24' title="bbox 180 2252 869 2331; baseline 0 -18"><span class='ocrx_word' id='word_1_142' title='bbox 180 2255 288 2314; x_wconf 83' lang='lat' dir='ltr'>offerre</span> <span class='ocrx_word' id='word_1_143' title='bbox 303 2263 416 2331; x_wconf 86' lang='lat' dir='ltr'>pectus.</span> <span class='ocrx_word' id='word_1_144' title='bbox 437 2289 472 2299; x_wconf 90' lang='lat'>-</span> <span class='ocrx_word' id='word_1_145' title='bbox 491 2254 596 2315; x_wconf 89' lang='lat' dir='ltr'>melius</span> <span class='ocrx_word' id='word_1_146' title='bbox 611 2254 649 2313; x_wconf 89' lang='lat' dir='ltr'>ab</span> <span class='ocrx_word' id='word_1_147' title='bbox 665 2252 769 2313; x_wconf 84' lang='lat' dir='ltr'>melius</span> <span class='ocrx_word' id='word_1_148' title='bbox 786 2253 869 2313; x_wconf 93' lang='lat' dir='ltr'>dolor</span> 
     </span>
     <span class='ocr_line' id='line_1_25' title="bbox 180 2337 802 2418; baseline 0.003 -21"><span class='ocrx_word' id='word_1_149' title='bbox 180 2337 290 2399; x_wconf 82' lang='lat' dir='ltr'>furiose</span> <span class='ocrx_word' id='word_1_150' title='bbox 306 2338 437 2418; x_wconf 87' lang='lat' dir='ltr'>loquere.</span> <span class='ocrx_word' id='word_1_151' title='bbox 469 2341 493 2398; x_wconf 92' lang='lat' dir='ltr'>si</span> <span class='ocrx_word' id='word_1_152' title='bbox 510 2347 607 2416; x_wconf 89' lang='lat' dir='ltr'>potest</span> <span class='ocrx_word' id='word_1_153' title='bbox 622 2340 704 2398; x_wconf 88' lang='lat' dir='ltr'>uiuat</span> <span class='ocrx_word' id='word_1_154' title='bbox 719 2356 802 2399; x_wconf 91' lang='lat' dir='ltr'>meus</span> 
     </span>
     <span class='ocr_line' id='line_1_26' title="bbox 179 2423 779 2503; baseline -0.003 -20"><span class='ocrx_word' id='word_1_155' title='bbox 179 2432 212 2483; x_wconf 95' lang='lat' dir='ltr'>ut</span> <span class='ocrx_word' id='word_1_156' title='bbox 227 2423 283 2503; x_wconf 70' lang='lat' dir='ltr'>luit</span> <span class='ocrx_word' id='word_1_157' title='bbox 296 2423 398 2493; x_wconf 89' lang='lat' dir='ltr'>lason,</span> <span class='ocrx_word' id='word_1_158' title='bbox 415 2425 440 2482; x_wconf 90' lang='lat' dir='ltr'>si</span> <span class='ocrx_word' id='word_1_159' title='bbox 455 2426 567 2492; x_wconf 78' lang='lat' dir='ltr'>minue,</span> <span class='ocrx_word' id='word_1_160' title='bbox 585 2425 667 2482; x_wconf 82' lang='lat' dir='ltr'>rriuat</span> <span class='ocrx_word' id='word_1_161' title='bbox 680 2430 779 2482; x_wconf 91' lang='lat' dir='ltr'>tamen</span> 
     </span>
     <span class='ocr_line' id='line_1_27' title="bbox 179 2510 791 2586; baseline -0.002 -19"><span class='ocrx_word' id='word_1_162' title='bbox 179 2525 354 2586; x_wconf 86' lang='lat' dir='ltr'>memorque</span> <span class='ocrx_word' id='word_1_163' title='bbox 370 2510 461 2568; x_wconf 86' lang='lat' dir='ltr'>nostri</span> <span class='ocrx_word' id='word_1_164' title='bbox 477 2510 592 2567; x_wconf 86' lang='lat' dir='ltr'>muneri</span> <span class='ocrx_word' id='word_1_165' title='bbox 608 2513 711 2586; x_wconf 89' lang='lat' dir='ltr'>parcat</span> <span class='ocrx_word' id='word_1_166' title='bbox 725 2525 791 2566; x_wconf 91' lang='lat' dir='ltr'>meo</span> 
     </span>
    </p>
   </div>
   <div class='ocr_carea' id='block_1_3' title="bbox 145 2676 949 2924">
    <p class='ocr_par' dir='ltr' id='par_1_6' title="bbox 145 2676 949 2924">
     <span class='ocr_line' id='line_1_28' title="bbox 145 2676 949 2755; baseline 0.006 -20"><span class='ocrx_word' id='word_1_167' title='bbox 145 2685 175 2735; x_wconf 83' lang='lat' dir='ltr'>a⁰</span> <span class='ocrx_word' id='word_1_168' title='bbox 224 2676 314 2755; x_wconf 87' lang='lat' dir='ltr'>Culpa</span> <span class='ocrx_word' id='word_1_169' title='bbox 332 2685 377 2736; x_wconf 87' lang='lat' dir='ltr'>ost</span> <span class='ocrx_word' id='word_1_170' title='bbox 391 2678 524 2738; x_wconf 88' lang='lat' dir='ltr'>Creontis</span> <span class='ocrx_word' id='word_1_171' title='bbox 538 2685 598 2736; x_wconf 87' lang='lat' dir='ltr'>tota</span> <span class='ocrx_word' id='word_1_172' title='bbox 615 2677 663 2753; x_wconf 88' lang='lat' dir='ltr'>qui</span> <span class='ocrx_word' id='word_1_173' title='bbox 679 2685 796 2755; x_wconf 85' lang='lat' dir='ltr'>sceptro</span> <span class='ocrx_word' id='word_1_174' title='bbox 812 2679 949 2755; x_wconf 87' lang='lat' dir='ltr'>inpotens</span> 
     </span>
     <span class='ocr_line' id='line_1_29' title="bbox 181 2758 901 2840; baseline 0.001 -19"><span class='ocrx_word' id='word_1_175' title='bbox 181 2762 316 2838; x_wconf 85' lang='lat' dir='ltr'>coniugia</span> <span class='ocrx_word' id='word_1_176' title='bbox 333 2761 420 2821; x_wconf 89' lang='lat' dir='ltr'>soluit</span> <span class='ocrx_word' id='word_1_177' title='bbox 436 2758 545 2840; x_wconf 88' lang='lat' dir='ltr'>quique</span> <span class='ocrx_word' id='word_1_178' title='bbox 562 2762 741 2838; x_wconf 82' lang='lat' dir='ltr'>genetricem</span> <span class='ocrx_word' id='word_1_179' title='bbox 759 2760 901 2822; x_wconf 85' lang='lat' dir='ltr'>abstrahit</span> 
     </span>
     <span class='ocr_line' id='line_1_30' title="bbox 181 2845 834 2924; baseline 0.002 -20"><span class='ocrx_word' id='word_1_180' title='bbox 181 2847 277 2924; x_wconf 83' lang='lat' dir='ltr'>gnatis</span> <span class='ocrx_word' id='word_1_181' title='bbox 293 2853 322 2906; x_wconf 90' lang='lat' dir='ltr'>et</span> <span class='ocrx_word' id='word_1_182' title='bbox 338 2855 402 2906; x_wconf 92' lang='lat' dir='ltr'>arto</span> <span class='ocrx_word' id='word_1_183' title='bbox 419 2849 544 2924; x_wconf 83' lang='lat' dir='ltr'>pignore</span> <span class='ocrx_word' id='word_1_184' title='bbox 561 2847 730 2906; x_wconf 87' lang='lat' dir='ltr'>adstrictam</span> <span class='ocrx_word' id='word_1_185' title='bbox 747 2845 834 2905; x_wconf 86' lang='lat' dir='ltr'>tidem</span> 
     </span>
    </p>
   </div>
   <div class='ocr_carea' id='block_1_4' title="bbox 178 3122 1098 3472">
    <p class='ocr_par' dir='ltr' id='par_1_7' title="bbox 178 3122 1098 3472">
     <span class='ocr_line' id='line_1_31' title="bbox 250 3122 1097 3201; baseline 0.004 -21"><span class='ocrx_word' id='word_1_186' title='bbox 250 3135 297 3182; x_wconf 88' lang='grc'>118</span> <span class='ocrx_word' id='word_1_187' title='bbox 315 3133 386 3184; x_wconf 80' lang='lat' dir='ltr'>hoec</span> <span class='ocrx_word' id='word_1_188' title='bbox 406 3134 430 3182; x_wconf 87' lang='grc' dir='ltr'><em>Α</em></span> <span class='ocrx_word' id='word_1_189' title='bbox 449 3134 501 3183; x_wconf 87' lang='lat' dir='ltr'>hoo</span> <span class='ocrx_word' id='word_1_190' title='bbox 519 3134 545 3183; x_wconf 88' lang='lat' dir='ltr'><em>E</em></span> <span class='ocrx_word' id='word_1_191' title='bbox 556 3131 568 3197; x_wconf 84' lang='grc' dir='ltr'>ΙΙ</span> <span class='ocrx_word' id='word_1_192' title='bbox 581 3135 629 3182; x_wconf 88' lang='grc'>122</span> <span class='ocrx_word' id='word_1_193' title='bbox 649 3131 737 3181; x_wconf 86' lang='lat' dir='ltr'>credit</span> <span class='ocrx_word' id='word_1_194' title='bbox 755 3134 779 3181; x_wconf 87' lang='grc' dir='ltr'><em>Α</em></span> <span class='ocrx_word' id='word_1_195' title='bbox 800 3122 1022 3201; x_wconf 69' lang='grc' dir='ltr'><strong>11111111Ε11123</strong></span> <span class='ocrx_word' id='word_1_196' title='bbox 1041 3149 1097 3184; x_wconf 89' lang='lat' dir='ltr'>non</span> 
     </span>
     <span class='ocr_line' id='line_1_32' title="bbox 179 3197 1097 3267; baseline 0.002 -18"><span class='ocrx_word' id='word_1_197' title='bbox 179 3215 249 3250; x_wconf 82' lang='lat' dir='ltr'>sona</span> <span class='ocrx_word' id='word_1_198' title='bbox 268 3202 293 3250; x_wconf 83' lang='lat' dir='ltr'><em>A</em></span> <span class='ocrx_word' id='word_1_199' title='bbox 311 3216 416 3251; x_wconf 79' lang='lat' dir='ltr'>uesano</span> <span class='ocrx_word' id='word_1_200' title='bbox 435 3197 488 3267; x_wconf 84' lang='grc' dir='ltr'>ΕΙ]</span> <span class='ocrx_word' id='word_1_201' title='bbox 506 3203 554 3250; x_wconf 84' lang='grc'>126</span> <span class='ocrx_word' id='word_1_202' title='bbox 572 3202 643 3250; x_wconf 81' lang='lat' dir='ltr'>haec</span> <span class='ocrx_word' id='word_1_203' title='bbox 663 3216 680 3249; x_wconf 80' lang='lat' dir='ltr'>oc</span> <span class='ocrx_word' id='word_1_204' title='bbox 703 3200 755 3249; x_wconf 88' lang='lat' dir='ltr'>boo</span> <span class='ocrx_word' id='word_1_205' title='bbox 773 3209 812 3264; x_wconf 77' lang='grc' dir='ltr'>ψε</span> <span class='ocrx_word' id='word_1_206' title='bbox 829 3197 840 3266; x_wconf 81' lang='grc' dir='ltr'>Η</span> <span class='ocrx_word' id='word_1_207' title='bbox 858 3203 906 3251; x_wconf 86' lang='grc'>129</span> <span class='ocrx_word' id='word_1_208' title='bbox 924 3202 1097 3266; x_wconf 81' lang='lat' dir='ltr'>patrandum</span> 
     </span>
     <span class='ocr_line' id='line_1_33' title="bbox 179 3266 1097 3337; baseline 0.004 -20"><span class='ocrx_word' id='word_1_209' title='bbox 179 3269 211 3318; x_wconf 83' lang='lat' dir='ltr'>ci.</span> <span class='ocrx_word' id='word_1_210' title='bbox 232 3267 281 3318; x_wconf 90' lang='lat' dir='ltr'>Bo.</span> <span class='ocrx_word' id='word_1_211' title='bbox 305 3266 316 3334; x_wconf 78' lang='lat' dir='ltr'>ll</span> <span class='ocrx_word' id='word_1_212' title='bbox 341 3272 389 3319; x_wconf 88' lang='grc'>132</span> <span class='ocrx_word' id='word_1_213' title='bbox 407 3272 543 3318; x_wconf 87' lang='lat' dir='ltr'>incestum</span> <span class='ocrx_word' id='word_1_214' title='bbox 563 3269 588 3319; x_wconf 85' lang='grc' dir='ltr'><em>Α</em></span> <span class='ocrx_word' id='word_1_215' title='bbox 612 3268 783 3332; x_wconf 58' lang='lat' dir='ltr'>infestamur</span> <span class='ocrx_word' id='word_1_216' title='bbox 806 3270 945 3333; x_wconf 83' lang='lat' dir='ltr'>ingestum</span> <span class='ocrx_word' id='word_1_217' title='bbox 963 3270 989 3319; x_wconf 88' lang='grc' dir='ltr'><em>Ε</em></span> <span class='ocrx_word' id='word_1_218' title='bbox 1012 3266 1024 3337; x_wconf 83' lang='grc' dir='ltr'>[Ι</span> <span class='ocrx_word' id='word_1_219' title='bbox 1048 3271 1097 3321; x_wconf 78' lang='lat'>135</span> 
     </span>
     <span class='ocr_line' id='line_1_34' title="bbox 178 3332 1097 3402; baseline 0.004 -18"><span class='ocrx_word' id='word_1_220' title='bbox 178 3335 237 3385; x_wconf 87' lang='lat' dir='ltr'>nidi</span> <span class='ocrx_word' id='word_1_221' title='bbox 254 3336 280 3385; x_wconf 87' lang='grc' dir='ltr'><em>Ε</em></span> <span class='ocrx_word' id='word_1_222' title='bbox 305 3336 364 3385; x_wconf 86' lang='lat' dir='ltr'>sudi</span> <span class='ocrx_word' id='word_1_223' title='bbox 383 3339 407 3386; x_wconf 88' lang='grc' dir='ltr'><em>Α</em></span> <span class='ocrx_word' id='word_1_224' title='bbox 431 3332 442 3400; x_wconf 79' lang='lat' dir='ltr'>ll</span> <span class='ocrx_word' id='word_1_225' title='bbox 467 3342 497 3385; x_wconf 81' lang='lat' dir='ltr'>at</span> <span class='ocrx_word' id='word_1_226' title='bbox 515 3353 533 3386; x_wconf 83' lang='grc' dir='ltr'><strong>α</strong></span> <span class='ocrx_word' id='word_1_227' title='bbox 556 3333 567 3402; x_wconf 80' lang='lat' dir='ltr'>ll</span> <span class='ocrx_word' id='word_1_228' title='bbox 592 3338 640 3385; x_wconf 87' lang='grc'>136</span> <span class='ocrx_word' id='word_1_229' title='bbox 660 3343 721 3399; x_wconf 84' lang='lat' dir='ltr'>poet</span> <span class='ocrx_word' id='word_1_230' title='bbox 739 3336 795 3386; x_wconf 88' lang='lat' dir='ltr'>feci</span> <span class='ocrx_word' id='word_1_231' title='bbox 813 3339 861 3386; x_wconf 83' lang='lat' dir='ltr'>duo</span> <span class='ocrx_word' id='word_1_232' title='bbox 880 3338 1035 3389; x_wconf 74' lang='lat' dir='ltr'>hemistichia</span> <span class='ocrx_word' id='word_1_233' title='bbox 1053 3339 1097 3388; x_wconf 77' lang='lat' dir='ltr'>da·</span> 
     </span>
     <span class='ocr_line' id='line_1_35' title="bbox 179 3400 1098 3472; baseline 0.003 -20"><span class='ocrx_word' id='word_1_234' title='bbox 179 3419 236 3453; x_wconf 81' lang='lat' dir='ltr'>erae</span> <span class='ocrx_word' id='word_1_235' title='bbox 253 3411 327 3467; x_wconf 83' lang='lat' dir='ltr'>potat</span> <span class='ocrx_word' id='word_1_236' title='bbox 345 3405 419 3456; x_wconf 81' lang='lat' dir='ltr'>DHa.</span> <span class='ocrx_word' id='word_1_237' title='bbox 438 3400 450 3469; x_wconf 84' lang='grc' dir='ltr'>ΙΙ</span> <span class='ocrx_word' id='word_1_238' title='bbox 468 3406 516 3454; x_wconf 84' lang='grc'>139</span> <span class='ocrx_word' id='word_1_239' title='bbox 536 3404 636 3453; x_wconf 83' lang='lat' dir='ltr'>afferre</span> <span class='ocrx_word' id='word_1_240' title='bbox 654 3403 678 3452; x_wconf 83' lang='lat' dir='ltr'><em>E</em></span> <span class='ocrx_word' id='word_1_241' title='bbox 697 3403 796 3453; x_wconf 86' lang='lat' dir='ltr'>offerre</span> <span class='ocrx_word' id='word_1_242' title='bbox 815 3406 840 3454; x_wconf 83' lang='lat' dir='ltr'><em>A</em></span> <span class='ocrx_word' id='word_1_243' title='bbox 861 3400 872 3471; x_wconf 85' lang='grc' dir='ltr'>ΙΙ</span> <span class='ocrx_word' id='word_1_244' title='bbox 895 3421 929 3454; x_wconf 82' lang='lat' dir='ltr'>ao</span> <span class='ocrx_word' id='word_1_245' title='bbox 947 3405 973 3454; x_wconf 91' lang='grc' dir='ltr'><em>Ε</em></span> <span class='ocrx_word' id='word_1_246' title='bbox 991 3406 1026 3454; x_wconf 81' lang='lat' dir='ltr'>ab</span> <span class='ocrx_word' id='word_1_247' title='bbox 1044 3405 1069 3455; x_wconf 85' lang='grc' dir='ltr'><em>Α</em></span> <span class='ocrx_word' id='word_1_248' title='bbox 1088 3404 1098 3472; x_wconf 83' lang='grc' dir='ltr'>ΙΙ</span> 
     </span>
    </p>
   </div>
   <div class='ocr_carea' id='block_1_5' title="bbox 179 3473 1097 3604">
    <p class='ocr_par' dir='ltr' id='par_1_8' title="bbox 179 3473 1097 3604">
     <span class='ocr_line' id='line_1_36' title="bbox 179 3473 1097 3604; baseline 0.003 -85"><span class='ocrx_word' id='word_1_249' title='bbox 179 3474 229 3584; x_wconf 52' lang='grc' dir='ltr'><strong>ἰ142</strong></span> <span class='ocrx_word' id='word_1_250' title='bbox 245 3487 302 3587; x_wconf 43' lang='grc' dir='ltr'>ἔτι)</span> <span class='ocrx_word' id='word_1_251' title='bbox 303 3474 398 3604; x_wconf 68' lang='grc'><strong>1111111111.</strong></span> <span class='ocrx_word' id='word_1_252' title='bbox 418 3473 524 3521; x_wconf 84' lang='lat' dir='ltr'>muneri</span> <span class='ocrx_word' id='word_1_253' title='bbox 542 3486 659 3537; x_wconf 83' lang='lat' dir='ltr'>parcam</span> <span class='ocrx_word' id='word_1_254' title='bbox 677 3487 738 3520; x_wconf 89' lang='lat' dir='ltr'>meo</span> <span class='ocrx_word' id='word_1_255' title='bbox 756 3474 786 3521; x_wconf 84' lang='lat' dir='ltr'>ei.</span> <span class='ocrx_word' id='word_1_256' title='bbox 808 3474 886 3523; x_wconf 83' lang='lat' dir='ltr'>Gron.</span> <span class='ocrx_word' id='word_1_257' title='bbox 911 3477 1026 3524; x_wconf 80' lang='lat' dir='ltr'>lacunam</span> <span class='ocrx_word' id='word_1_258' title='bbox 1042 3479 1097 3523; x_wconf 79' lang='lat' dir='ltr'>rta-</span> 
     </span>
     <span class='ocr_line' id='line_1_37' title="bbox 191 3540 309 3591; baseline 0.042 -5"><span class='ocrx_word' id='word_1_259' title='bbox 191 3540 228 3586; x_wconf 85' lang='lat' dir='ltr'>uit</span> <span class='ocrx_word' id='word_1_260' title='bbox 270 3575 275 3585; x_wconf 89' lang='lat'>.</span> <span class='ocrx_word' id='word_1_261' title='bbox 304 3580 309 3591; x_wconf 91' lang='lat'><strong>.</strong></span> 
     </span>
    </p>
   </div>
   <div class='ocr_carea' id='block_1_6' title="bbox 0 0 1256 4040">
    <p class='ocr_par' dir='ltr' id='par_1_9' title="bbox 0 0 1256 4040">
     <span class='ocr_line' id='line_1_38' title="bbox 0 0 1256 4040; baseline 0 0"><span class='ocrx_word' id='word_1_262' title='bbox 0 0 1256 4040; x_wconf 95' lang='lat' dir='ltr'> </span> 
     </span>
    </p>
   </div>
  </div>
 </body>
</html>
