2504 4040
249 251 313 317 266
530 266 561 312 n.
579 265 713 313 sunsei
729 265 885 314 couneus

243 408 361 469 remitte
375 406 473 468 sunus.
525 452 535 469 .
1171 412 1205 461 ott

209 491 232 549 f'
288 493 387 552 Andr.
496 489 605 566 iurigat
619 488 706 550 iietus
722 507 814 568 genas

244 575 398 655 imberque
414 577 493 636 uicto
508 574 623 636 subitus
639 594 655 636 e
672 573 755 636 uultu
771 574 858 635 cadit.
1036 600 1041 609 ·
1171 580 1205 631 att

243 753 349 805 nunu.
367 762 421 805 nos
436 743 557 805 Hecuba
573 761 628 804 nos
643 761 699 804 nos
713 732 835 804 Hecuba
849 743 996 822 lugendae
1012 763 1115 806 sumus
1171 749 1204 799 tit

206 835 209 841 '
244 847 317 909 quas
332 836 411 891 mota
426 828 528 890 classis
541 829 601 889 buc
615 836 646 889 et
660 828 720 890 buo
734 846 852 907 sparsas
867 829 957 898 ieret,
1171 835 1205 884 tu

243 915 320 976 hanc
335 932 404 976 cara
419 912 506 975 tellus
521 913 641 974 sedibus
656 914 758 991 patriis
774 922 863 993 teget.

208 1022 228 1072 g
287 1012 367 1060 nnn.
391 999 483 1077 Magis
498 997 658 1068 inuidebis,
674 999 699 1058 si
714 1008 795 1060 tuam
809 1009 922 1060 sortem
936 999 1024 1060 scies.

242 1097 349 1145 Arrun.
372 1100 409 1143 an
425 1083 521 1163 aliqua
537 1100 651 1162 poenae
666 1100 736 1161 pars
751 1101 835 1144 meae
849 1084 948 1162 ignota
966 1092 1011 1144 est
1026 1084 1121 1145 mibii

242 1181 323 1229 nnn.
341 1176 463 1229 'uersata
479 1167 647 1229 dominos
661 1186 753 1228 urna
769 1170 896 1246 captiuis
910 1168 1001 1229 dedit.

242 1267 348 1314 annu.
373 1254 421 1313 cui
434 1251 545 1313 samnia
560 1251 681 1313 trador?
697 1253 761 1313 ede.
792 1271 881 1333 quern
898 1252 1051 1314 dominum
1071 1253 1160 1315 uocoi
1172 1255 1205 1307 tsi

242 1351 322 1398 nun.
346 1344 376 1398 te
391 1345 472 1398 sorte
487 1339 583 1414 prima
599 1338 712 1416 scyrius
726 1339 844 1399 iuuems
857 1337 931 1399 tulit.

242 1436 349 1483 suun.
373 1421 537 1483 Cassandra
552 1420 622 1482 [elix
637 1439 726 1501 quam
742 1421 827 1483 furor
842 1423 917 1483 sorti
932 1425 1035 1483 eximit

243 1519 323 1567 Huc,
340 1505 547 1585 Phoebusque.
623 1546 625 1549 ·
1174 1509 1206 1561 tot

206 1599 227 1648 h
286 1604 368 1651 nun.
588 1591 703 1669 Regum
714 1591 792 1652 hauc
805 1592 949 1653 maximus
959 1599 1061 1653 rector
1074 1600 1161 1655 tenet

241 1688 321 1736 fluo,
345 1676 468 1737 Laeta're
483 1675 579 1753 gaude
594 1683 691 1753 gnata.
722 1693 811 1753 quam
826 1675 917 1737 uellet
931 1684 997 1737 tuos
1171 1677 1209 1731 sti

243 1760 404 1822 Cassandra
420 1759 580 1831 thalamos,
596 1759 686 1822 uellet
700 1760 906 1821 Andromache
920 1770 996 1822 tuos.
1013 1796 1056 1805 -—
1171 1765 1210 1815 ott

243 1855 326 1907 estne
341 1844 446 1923 aliquis
460 1845 612 1906 Hecubam
628 1847 679 1924 qui
693 1863 778 1906 suam
792 1845 853 1905 dici
867 1844 956 1906 uelit?
1175 1850 1208 1899 uu

242 1943 327 1995 nun.
347 1930 449 1991 Ithaco
464 1929 595 2007 obtigisti
609 1929 718 2008 praeda
734 1928 847 1990 nolenti
861 1929 971 1991 breuis.
1176 1934 1209 1985 99

207 2012 236 2088 g'
287 2027 368 2076 Huc.
392 2015 463 2087 Quis
479 2021 537 2074 tam
553 2016 691 2093 inpotens
706 2033 741 2076 ac
755 2013 849 2075 durus
864 2025 894 2075 et
908 2016 1027 2094 iniquae
1042 2016 1130 2077 ierus

243 2101 363 2161 sortitor
379 2117 494 2160 urnae
510 2098 633 2177 regibus
648 2115 734 2175 reges
749 2098 847 2159 dedit‘t

243 2186 310 2263 quis
325 2192 383 2245 tam
400 2185 517 2244 sinister
533 2183 639 2245 diuidit
653 2192 756 2263 captas
767 2184 858 2245 deus?

243 2271 310 2350 quis
324 2268 436 2329 arbiter
452 2267 581 2329 crudelis
596 2278 626 2329 et
641 2270 758 2330 miseris
772 2270 873 2347 grauis

244 2353 353 2432 eiigere
369 2354 537 2414 dominos
552 2355 648 2415 nescit
663 2359 692 2414 et
708 2352 817 2434 [saeua
831 2370 925 2415 manu
1178 2358 1212 2409 cst

243 2442 297 2501 dat
309 2442 415 2515 iniqua
429 2441 546 2500 miseris
556 2439 652 2511 fotu?
672 2436 754 2518 quis]
771 2447 896 2499 matrem
911 2437 1049 2499 Hectoris

243 2526 334 2585 armis
348 2521 468 2584 Achillis
483 2523 603 2584 miscet?
625 2523 662 2584 ad
680 2522 779 2584 Vlixen
794 2540 898 2584 nouor.

207 2608 235 2665 h'
286 2607 372 2670 Nunc
386 2610 465 2669 uicta
480 2626 560 2669 nunc
576 2609 690 2686 captiua
706 2625 787 2668 nunc
803 2609 917 2668 cunctis
932 2607 1004 2668 mibi

243 2693 364 2755 obsessa
378 2693 483 2754 uideor
499 2692 642 2754 cladibus.
673 2692 785 2753 domini
800 2691 892 2770 pudet

243 2795 301 2838 non
317 2779 476 2839 seruitutis.
509 2777 647 2839 Hectoris
664 2777 791 2854 spolium
808 2777 884 2838 ieret

243 2864 295 2944 qui
310 2861 375 2924 tulit
390 2860 526 2923 Achillis?
549 2860 659 2924 sterilis
674 2872 704 2924 et
720 2861 817 2924 saeuis
832 2861 915 2922 tretis

310 3086 360 3134 975
378 3083 500 3132 Demitte
519 3082 544 3132 Ε
566 3078 587 3198 q:
607 3081 690 3132 AND.
708 3084 835 3146 suppleri.
865 3078 876 3146 ΙΙ
905 3099 946 3131 uu.
966 3082 1016 3131 977
1035 3082 1085 3132 978
1103 3089 1164 3144 post

242 3168 267 3202 u.
284 3151 335 3203 988
358 3152 515 3216 transposuit
536 3151 563 3199 H
590 3149 619 3199 C.
638 3152 736 3201 contine
754 3165 789 3199 ex
812 3166 836 3198 u.
855 3151 904 3200 989
928 3151 1062 3213 adsumpto
1083 3148 1162 3215 0189

241 3225 303 3269 ante
320 3236 344 3271 u.
359 3221 409 3270 979
427 3219 556 3269 excidisse
574 3235 646 3267 unum
663 3232 763 3267 uersum
780 3218 901 3269 indicaui.
918 3212 929 3282 Η
945 3217 1011 3267 Non
1030 3216 1094 3266 illa
1114 3232 1163 3267 nos

245 3287 298 3338 GR.
322 3283 334 3354 ΙΙ
356 3287 405 3337 981
424 3286 523 3351 patriis
541 3294 578 3349 εψ
597 3287 685 3350 petris
704 3286 728 3334 A
753 3281 764 3350 Η
787 3286 837 3336 982
856 3285 928 3334 scies
946 3284 995 3345 Εψ
1015 3286 1091 3334 scias
1111 3286 1137 3334 A
1155 3284 1160 3347 Ι

241 3357 293 3406 985
310 3353 405 3405 trador
421 3354 447 3403 E
464 3353 561 3403 tradar
578 3354 603 3402 A
627 3351 639 3420 Η
663 3368 741 3417 quern
760 3351 801 3411 ad
818 3352 844 3401 d.
863 3367 953 3402 uocor
971 3352 1048 3406 NHs.
1072 3348 1085 3417 ss
1113 3353 1163 3403 986

242 3422 402 3483 schiriusru
423 3417 435 3486 [l
455 3421 503 3471 987
522 3423 592 3470 sorti
609 3421 634 3469 Ε
652 3424 726 3470 sorte
745 3421 769 3469 A
793 3414 805 3486 Η
828 3420 878 3472 988
896 3418 981 3470 HEC.
1000 3419 1025 3468 E
1043 3435 1090 3470 orn.
1111 3418 1163 3483 Ab

242 3490 292 3539 989
316 3487 401 3537 Huc,
420 3504 441 3538 ω
463 3489 513 3536 del.
535 3488 586 3537 GR.
616 3485 628 3552 Η
656 3489 705 3538 991
724 3494 865 3551 potense
894 3484 906 3552 ΙΙ
934 3486 1017 3536 durus
1041 3486 1091 3548 Εψ
1123 3486 1163 3537 di·

242 3568 289 3602 rus
309 3555 332 3602 A
348 3550 361 3618 Ι]
377 3571 401 3602 u.
420 3556 470 3604 994
487 3561 547 3604 onte
565 3555 614 3605 999
631 3557 774 3619 ponendum
792 3555 911 3605 censebat
929 3556 1041 3605 Heinius.
1066 3552 1078 3618 ΙΙ
