2504 4040
213 215 276 280 248
495 230 527 277 e.
544 229 676 276 Amnem
692 228 848 277 sepsere

212 373 359 432 uiuamus.
390 371 448 430 heu
466 387 512 429 me
528 370 578 446 qui
594 368 676 429 iocus
690 369 766 429 fidus
782 387 847 429 meo

214 458 271 517 erit
286 456 386 515 timeri
401 471 497 532 queue
513 462 541 513 te
557 454 627 513 sede
642 451 795 513 oecrrlami

180 548 198 597 d
258 544 318 600 Arx
336 538 382 600 iiia
399 538 513 616 pellens
528 537 634 615 opibus
649 546 679 596 et
693 540 786 598 muris
802 538 888 598 deum

215 634 321 703 gentes
336 643 390 702 per
405 641 508 683 omnes
524 623 602 682 eiare
620 631 648 682 et
662 623 790 682 inuidiae
807 624 906 700 grauis

212 728 292 771 nunc
308 708 404 787 puluis
420 707 510 778 eitus,
526 716 616 768 strata
632 715 701 767 sunt
715 707 832 768 flemma
849 709 961 775 omnia,

214 802 411 873 superestque
427 801 508 853 ueste
525 812 560 852 ex
577 791 652 852 urhe
668 809 705 851 ne
722 799 831 851 tantum
849 791 967 868 quidem

213 897 272 956 quo
288 877 376 938 lateat
390 878 494 938 inians.
527 895 629 955 quem
646 877 764 936 locum
781 876 904 936 fraudi
919 875 1037 953 legam?

180 989 195 1023 e
255 964 307 1024 Est
323 961 453 1023 tumulus
468 964 573 1038 ingens
588 962 721 1039 coniugis
737 961 799 1020 ceri
814 979 913 1028 secer,

218 1047 369 1110 uerendus
385 1048 463 1106 hosti
479 1044 556 1106 mole
572 1064 661 1122 quem
676 1048 811 1105 inmensa
827 1063 935 1122 parens

216 1133 382 1211 opibusque
398 1133 512 1209 magnis
528 1132 636 1190 struxit
650 1132 680 1190 in
697 1129 792 1190 lurtus
808 1147 876 1189 suos

213 1237 266 1278 rex
283 1235 342 1276 non
359 1232 481 1277 auarus:
506 1223 626 1293 optume
641 1214 759 1275 credam
776 1216 862 1292 patri.
878 1249 920 1257 —

214 1304 305 1364 sudor
321 1319 375 1379 per
391 1308 472 1361 artus
487 1299 611 1377 frigidus
626 1306 702 1360 totos
718 1299 810 1359 cadit:

214 1406 303 1447 omen
319 1395 464 1446 tremesco
480 1387 586 1445 misera
603 1384 701 1444 feralis
716 1383 783 1443 ioei.

180 1480 193 1529 f
258 1485 333 1531 sert.
358 1471 435 1531 Haec
452 1488 537 1530 eausa
554 1469 735 1529 multesima
751 1468 787 1528 ab
804 1468 922 1527 interitu
939 1468 1036 1526 arcuit

216 1555 297 1616 credi
313 1557 434 1632 perisse.

214 1642 313 1700 Andr.
476 1639 525 1697 uix
541 1640 605 1716 spei
622 1640 777 1717 quiequam
794 1645 839 1697 est
855 1653 959 1715 super:

216 1742 308 1802 graue
324 1723 440 1800 pondus
455 1722 536 1782 iilum
553 1741 657 1800 magna
675 1721 812 1782 nobilitas
827 1723 943 1798 premit.

135 1880 139 1884 Α
217 1821 291 1869 SEN.
317 1827 353 1868 ne
369 1808 475 1885 prodet
490 1806 608 1884 aliquis,
626 1825 730 1866 arnone
745 1814 836 1866 testes
852 1804 917 1864 doli.

215 1905 322 1952 ANDR.
348 1893 377 1952 Si
393 1894 508 1970 quaerit
523 1893 634 1951 hostisi

216 1991 291 2038 SEN.
660 1976 733 2035 urbe
749 1976 777 2033 in
796 1993 900 2035 euersa
915 1975 1003 2050 perit.

175 2121 181 2125 .
215 2075 322 2122 ANDR.
347 2061 415 2138 quid
433 2060 566 2139 proderit
581 2060 701 2120 latuisse
716 2061 848 2120 redituro
864 2060 892 2116 in
908 2058 1034 2118 manus?

218 2161 292 2208 SEN.
317 2148 413 2205 uieter
430 2146 544 2206 seroces
561 2146 686 2224 impetus
702 2146 814 2222 primos
829 2142 926 2202 hebet.

217 2245 323 2291 ANDR.
348 2230 415 2309 quid
433 2230 512 2307 quod
527 2228 619 2289 latere
635 2230 698 2289 sine
714 2235 794 2289 metu
809 2245 916 2305 magno
932 2228 1056 2304 nequit?
1153 2236 1197 2286 505

217 2330 291 2378 SEN.
316 2317 406 2375 miser
423 2322 548 2393 occupet
562 2314 723 2392 praesidia,
741 2309 864 2374 securus
880 2312 967 2390 legat.

183 2399 209 2457 d'
262 2415 368 2460 meme
393 2401 482 2470 Quis
499 2406 527 2457 te
543 2398 648 2459 loeus
663 2417 739 2477 quae
754 2398 837 2476 regio
853 2397 972 2457 seducte
989 2398 1070 2457 inuia

217 2494 280 2546 tuto
295 2484 437 2563 reponet?
460 2484 525 2561 quis
540 2483 617 2543 ieret
632 2482 753 2561 trepidis
768 2483 875 2561 opem?

217 2572 283 2647 quis
299 2568 451 2647 proteget?
473 2570 524 2646 qui
540 2586 659 2646 semper
674 2570 760 2628 etiam
777 2584 856 2627 nune
871 2573 938 2626 tues

217 2655 327 2714 Hector
343 2660 441 2719 tuere,
466 2654 599 2730 coniugis
615 2653 754 2713 furtum
772 2654 836 2729 piae

217 2757 303 2799 serua
320 2746 349 2797 et
364 2734 443 2797 fideii
458 2738 558 2797 cinere
574 2739 721 2798 uicturum
739 2738 850 2815 excipe.

217 2891 421 2901 ...------.-

285 2976 335 3024 486
355 2973 400 3037 qui
419 2973 443 3020 Ε
462 2973 524 3035 quis
543 2975 567 3023 A
584 2968 597 3038 Η
617 2975 667 3023 488
685 2972 778 3037 grauis
797 2972 822 3021 Ε
840 2987 927 3036 capax
947 2973 971 3020 A
990 2968 1001 3037 Η
1022 2974 1075 3022 498
1093 2988 1134 3021 er·

127 3100 131 3109 .
218 3042 278 3107 guit
295 3049 318 3105 ψ
336 3037 348 3106 Η
364 3042 414 3090 499
434 3041 522 3089 eredit
539 3041 563 3089 Ε
580 3038 592 3107 Η
608 3041 717 3090 ANDR.
737 3056 783 3089 om.
802 3040 853 3089 EA
873 3041 974 3089 addidit
991 3040 1135 3104 RapheIerr·

216 3112 282 3175 pius.
308 3107 499 3173 (‘Fiorentinmr
518 3116 608 3158 torem:
626 3109 667 3158 Ne
687 3109 785 3172 prodat
805 3108 919 3170 aliquis,
939 3121 1037 3156 amoue
1056 3106 1137 3156 Seni

220 3176 315 3234 tribuit,
328 3179 354 3225 in
365 3177 499 3240 prioribus
511 3175 767 3226 Andromachae
780 3176 900 3240 relinquit
918 3175 971 3222 Vix
984 3175 1045 3238 spei
1058 3174 1135 3239 quid·

219 3260 300 3310 quam
321 3249 475 3308 estsuper,
497 3244 575 3293 Seni
594 3246 708 3309 arripnrrt
726 3243 819 3292 Graue
838 3241 962 3307 pondus!
992 3242 1138 3291 Groneuirre

215 3329 308 3378 parum
325 3311 420 3375 reete.)
450 3307 461 3376 Η
489 3312 539 3360 500
557 3311 640 3360 AND.
660 3311 685 3359 Ε
702 3327 748 3361 em.
769 3311 793 3359 A
817 3306 829 3375 Η
852 3311 900 3360 501
920 3309 996 3359 SEN.
1015 3310 1057 3359 Ne
1076 3326 1136 3374 pro·

219 3382 268 3431 dat
291 3380 391 3444 aliquis
412 3379 417 3442 Ι
436 3378 539 3428 Amoue
556 3384 644 3428 testes
662 3380 719 3428 doti
741 3379 765 3427 Ε
795 3379 825 3427 Α.
847 3379 887 3426 Ne
906 3376 1005 3442 prodat
1024 3377 1136 3440 aliquis.

220 3447 265 3496 Se.
286 3462 383 3497 amoue
401 3451 489 3494 testes
507 3446 572 3494 doli.
593 3448 617 3494 A
639 3443 650 3510 Η
670 3448 720 3495 506
738 3447 839 3495 Misero
859 3441 906 3511 αΗ
925 3447 975 3494 610
994 3444 1098 3494 furtum
1116 3459 1139 3493 ω

219 3518 320 3562 sortem
339 3513 388 3562 Bo.
412 3509 424 3577 Η
