2544 4040
514 260 683 307 Pnennnn
994 245 1054 310 167

101 431 120 465 a
182 414 282 462 unus,
299 402 357 461 Pro
373 407 473 460 sancta
488 401 582 477 pietas
598 418 652 478 pro
668 399 849 478 gubernator
864 398 925 479 poli

138 495 167 550 et
182 488 234 566 qui
248 485 411 547 secundum
428 483 566 544 fluctibus
582 501 707 562 regnum
725 502 841 554 moues,

138 571 217 634 unde
232 572 286 632 ista
302 570 386 631 uenit
401 568 519 645 generis
534 568 649 629 infandi
664 566 745 628 lues?

137 657 218 717 hunc
233 656 316 731 graia
331 652 418 713 tellus
433 652 506 713 aluit
521 670 558 712 an
573 653 689 713 Taurus
704 652 821 732 scythes
1044 724 1048 731 ι

137 738 299 801 colchusue
314 737 436 799 Pbasisl
463 737 542 798 redit
557 736 594 797 ad
610 744 747 798 auctores
763 754 857 815 genus
1073 748 1123 798 915

137 826 321 902 stirpemque
336 824 463 901 primam
480 821 610 898 degener
626 823 744 900 sanguis
760 821 861 882 refert.

101 909 128 968 α’
184 907 237 968 Est
250 909 306 967 iste
320 923 445 984 prorsus
460 907 555 984 gentis
570 906 726 967 armiferae
742 906 826 967 furor

138 990 236 1053 odisse
250 990 375 1052 Veneris
391 989 511 1051 foedera
528 998 558 1051 et
573 998 686 1051 castum
702 990 752 1051 diu

136 1075 263 1155 uulgare
278 1074 396 1154 populis
412 1092 529 1152 corpus.
560 1094 577 1134 ο
593 1082 702 1136 tetrum
719 1092 814 1154 genus

136 1158 278 1238 nullaque
292 1157 406 1220 uictum
422 1159 488 1236 lege
503 1157 632 1219 melioris
647 1157 711 1220 soli.

137 1245 219 1305 ferae
235 1261 355 1323 quoque
370 1245 450 1322 ipsae
465 1245 583 1304 ueneris
599 1246 711 1304 enitent
725 1247 809 1306 nefas
858 1292 861 1297 »

138 1329 318 1407 generisque
333 1326 414 1407 leges
429 1329 539 1388 inscius
555 1336 654 1388 seruat
669 1328 775 1407 pudor.
850 1351 853 1357 ’

99 1422 137 1473 a·
182 1411 238 1473 Vbi
252 1411 352 1473 uultus
366 1411 416 1472 ille
432 1420 460 1470 et
475 1412 541 1472 ficta
558 1412 695 1473 maiestas
710 1413 768 1473 uiri
1003 1485 1006 1491 ,

137 1504 227 1575 atque
241 1495 359 1558 babitus
375 1497 502 1557 horrens
517 1497 612 1574 prisca
629 1505 658 1556 et
673 1499 792 1576 antiqua
807 1504 950 1577 appetens

136 1598 316 1665 morumque
330 1583 444 1642 senium
460 1582 558 1651 triste,
577 1589 605 1641 et
620 1581 754 1642 adfectus
769 1583 893 1660 graues?
1070 1591 1121 1641 926

137 1768 154 1810 ο
170 1750 232 1810 uita
248 1748 348 1810 fallax.
380 1749 498 1810 obditos
516 1767 621 1811 sensus
636 1751 716 1828 geris

136 1834 310 1914 animisque*
316 1833 451 1912 pulcram
467 1833 605 1912 turpibus
619 1835 725 1895 faciem
741 1835 849 1896 induis.

99 1919 127 1977 α’
184 1917 283 1979 Pudor
299 1918 490 1998 inpudentem
505 1918 581 1979 celat
596 1919 738 1979 audacem
755 1921 853 1997 quies,

137 2004 234 2082 pietas
249 2002 426 2072 nefandum,
445 2021 515 2064 uera
531 2002 649 2064 fallaces
665 2003 793 2083 probant

137 2085 336 2165 simulantque
352 2086 455 2147 molles
470 2087 553 2148 dura.
585 2088 728 2148 siluarum
744 2088 838 2150 incola

136 2169 187 2232 ille
203 2171 343 2232 efferatus
359 2180 456 2232 castus
471 2173 600 2233 intactus
615 2172 698 2232 rudis

137 2254 211 2315 mihi
226 2266 255 2316 te
267 2255 426 2317 'reseruasl
448 2274 464 2316 a
481 2275 547 2317 meo
564 2257 690 2334 primum
706 2264 772 2317 toro

137 2346 168 2401 et
183 2339 296 2400 scelere
311 2348 393 2401 tanto
408 2339 518 2417 placuit
533 2340 625 2401 ordiri
641 2341 757 2418 uirum?

99 2448 119 2482 a
181 2423 303 2484 lamiam
318 2442 448 2503 superno
464 2426 578 2486 numini
594 2432 691 2503 grates
707 2443 762 2503 ago

138 2505 237 2589 [quod
250 2511 314 2569 icta
330 2518 436 2570 nostra
450 2512 561 2570 cecidit
573 2511 705 2586 Antiope
719 2508 827 2590 manu]

137 2592 217 2671 quod
232 2610 293 2653 nou
309 2593 346 2653 ad
361 2601 446 2655 antra
460 2594 553 2672 stygia
569 2594 751 2655 descendens
767 2594 819 2656 tibi

135 2683 262 2737 matrem
278 2676 395 2757 reliqui.
426 2679 570 2756 profugus
585 2678 700 2756 ignotas
716 2677 821 2757 procul

134 2776 280 2838 percurre
296 2769 409 2838 gentes.
440 2771 469 2823 te
484 2762 554 2823 licet
568 2762 766 2824 terrarulumo

134 2947 341 2956 -—---——.-

206 3066 256 3113 912
274 3066 304 3114 in
319 3065 450 3117 fluctibus
469 3066 494 3115 A
513 3066 541 3114 in
559 3082 605 3119 om.
625 3066 652 3115 Ε
662 3062 674 3131 ΙΙ
687 3070 765 3117 tenes
784 3068 809 3118 A
828 3083 922 3119 moues
939 3065 1053 3135 1911916

135 3131 319 3197 etrirpemque
339 3132 364 3181 E
386 3129 399 3198 ΙΙ
421 3135 471 3184 917
489 3147 599 3197 prorsus
618 3137 671 3183 iate
690 3150 709 3182 α
724 3130 736 3194 ll
753 3138 822 3185 armi
843 3151 907 3187 erae
927 3138 952 3187 A
971 3139 1052 3187 armi·

74 3228 78 3235 ·
134 3198 214 3249 ferae
232 3199 282 3262 Εψ
303 3195 316 3266 ΙΙ
338 3201 390 3251 920
408 3215 463 3250 non
480 3199 539 3250 ulla
556 3201 581 3249 A
601 3200 734 3264 nullaque
753 3211 795 3266 εψ
817 3151 901 3269 {lm
923 3206 1053 3269 scripte

134 3270 165 3315 et
189 3267 306 3331 entique
335 3269 366 3317 ei.
396 3267 579 3330 Wakefieldce.
614 3285 662 3318 cn:
685 3270 778 3332 prisce
802 3274 830 3320 el
853 3275 1015 3322 austere?
1045 3270 1053 3338 ll

132 3334 185 3384 999
214 3339 331 3399 aspectu
358 3350 444 3399 graue
470 3338 494 3384 A
531 3335 648 3386 affectus
676 3350 777 3401 graues
803 3339 828 3388 Ε
862 3343 976 3389 lacunam
1001 3346 1053 3389 eta-

134 3405 183 3451 tull
201 3402 267 3454 ΚΡ.
285 3398 296 3467 ΙΙ
313 3404 362 3454 927
381 3402 500 3454 turbidis
518 3404 544 3453 A
562 3405 688 3468 turpibus
707 3401 744 3472 εΗ
761 3406 809 3456 931
831 3421 924 3470 ceper
942 3406 1053 3457 iniectu
1094 3416 1110 3437 ··

133 3469 210 3519 rudis
222 3471 265 3519 uel
277 3473 371 3520 caetus
383 3485 422 3520 ac
434 3470 598 3521 thalamis
612 3472 687 3521 rudis
699 3475 731 3522 ei.
745 3473 820 3523 NHe.
833 3474 945 3523 conicio:
958 3477 1052 3525 cestus

131 3537 275 3588 inuictus
294 3536 369 3588 rudis
381 3533 456 3604 11935
474 3553 526 3601 quo
540 3539 615 3589 dicta
628 3537 757 3590 nostran*
774 3555 874 3590 uersum
892 3541 940 3590 del.
954 3541 1016 3593 [cl’.
1029 3538 1041 3608 ΙΙ
