2504 4040
490 265 641 315 OEDIPVS

261 404 406 486 [audacis
420 409 602 468 vicecomes
616 405 738 489 audax]

257 489 396 568 quicquid
413 492 538 552 excessit
553 490 688 560 modurn,

146 618 154 631 .
257 574 364 652 pendet
378 572 508 636 instabili
524 574 600 637 iocc.

299 743 356 805 Sed
373 745 443 822 quid
460 744 536 806 hoc?
559 752 658 822 postes
674 754 789 807 sonant.

257 835 385 889 maestus
401 847 439 890 en
455 828 582 890 famulus
597 848 685 890 manu

257 913 356 990 regius
372 930 513 992 quassans
530 924 626 992 caput.

257 997 311 1058 ede
327 997 396 1077 quid
413 1005 515 1076 portes
531 1000 609 1060 noni.

480 1265 641 1313 NVNTIVS.

63 1445 83 1479 a
148 1418 299 1481 Praedicta
315 1427 470 1498 postquam
487 1420 544 1480 iata
561 1430 590 1480 et
606 1420 756 1481 infandum
773 1439 866 1499 genua

101 1504 261 1583 deprendit
276 1522 310 1563 ac
325 1523 357 1564 se
373 1503 486 1565 sceiere
502 1505 671 1566 conuictum
688 1505 819 1584 Oedipus

101 1589 253 1649 damnauit
267 1589 345 1667 ipse,
363 1590 473 1667 regiain
490 1589 613 1650 infestus
629 1598 731 1668 petens

100 1675 197 1734 inuisa
214 1691 344 1752 propero
360 1681 436 1734 tecta
453 1676 620 1752 penetrauit
634 1676 742 1753 gradu

62 1768 82 1817 b
148 1756 247 1829 Qualis
262 1775 404 1836 perarua
420 1757 533 1837 libycus
547 1760 652 1819 insanit
668 1760 714 1821 tec

101 1842 214 1904 futuam
231 1843 338 1903 minaci
354 1842 452 1904 ircnte
469 1846 642 1904 concutiens
657 1845 772 1906 iubam:

102 1926 203 1989 uultus
219 1926 320 1988 surore
335 1935 439 1988 toruus
455 1935 543 2006 atque
559 1927 637 1989 nenti
653 1937 766 1999 truces,

102 2015 231 2090 gemitus
246 2021 276 2073 et
291 2010 380 2072 altum
397 2030 533 2072 murmur
549 2021 578 2074 et
593 2013 708 2090 gelidus
723 2014 787 2075 ituit

102 2096 194 2157 sudor
210 2104 376 2175 peractus,
393 2106 511 2176 spumat
527 2107 555 2158 et
570 2098 663 2159 uoluit
679 2100 773 2161 minas

103 2198 137 2241 ac
154 2197 269 2242 mersus
284 2180 341 2242 alte
357 2199 482 2259 magnus
498 2183 626 2243 exundat
641 2183 734 2246 dclcr.
1039 2201 1088 2252 945

64 2265 93 2324 α’
148 2265 254 2326 Secum
271 2266 334 2344 ipse
349 2283 456 2327 saeuus
472 2268 584 2344 grande
599 2270 699 2329 nescio
716 2269 785 2346 quid
801 2278 885 2347 parat

101 2351 224 2428 suisque
240 2349 306 2410 tatis
321 2350 427 2412 simile.
459 2353 548 2431 ‘qnid
566 2370 677 2431 poenas
693 2354 829 2412 morort'

102 2435 158 2502 ait,
177 2433 253 2494 ‘hoc
268 2432 425 2496 scelestum
442 2445 545 2514 pectus
560 2444 611 2497 aut
625 2438 705 2498 ferro
722 2446 803 2514 petat

102 2525 153 2578 aut
169 2518 283 2578 feruido
298 2518 403 2598 aliquis
419 2521 486 2599 igne
502 2520 549 2581 uei
565 2539 636 2582 saxo
652 2523 761 2584 domet.

63 2603 93 2663 b'
148 2602 230 2673 Quae
246 2604 329 2681 tigris
345 2614 395 2665 aut
411 2622 486 2682 quae
502 2622 590 2667 saeua
606 2607 771 2668 uisceribus
787 2610 860 2669 meis
897 2662 904 2673 ,
1037 2623 1089 2674 950

101 2689 236 2748 incurret
251 2687 329 2749 atesi
353 2691 416 2766 ipse
432 2698 462 2750 tu
478 2690 624 2752 scelerum
641 2710 733 2770 capax

100 2790 188 2833 sacer
204 2772 362 2833 Cithaeron
379 2772 427 2835 uei
444 2773 521 2834 ieras
536 2777 565 2835 in
582 2794 630 2836 me
646 2785 711 2838 tuas

101 2858 205 2917 emitte
221 2855 315 2928 siluis,
335 2859 416 2919 mitte
432 2859 481 2920 uei
496 2860 616 2922 rabidos
632 2879 728 2923 canes.

171 3112 220 3161 929
233 3110 355 3161 Audacia
365 3113 430 3162 uiae
444 3128 535 3163 cornea
547 3114 636 3164 audax
649 3114 671 3163 d
686 3114 785 3166 Comes
796 3117 910 3167 audacis
920 3117 985 3167 uiue
996 3117 1019 3165 Α

101 3226 185 3276 comp
192 3226 246 3328 paE
246 3212 390 3331 LMuepIepp
404 3215 492 3345 'pegigi
501 3211 529 3331 pii
544 3217 593 3331 9ῗῖ
612 3215 663 3332 hotc
671 3216 706 3332 Eli
723 3217 768 3267 hic
787 3215 850 3335 ἢ
865 3194 943 3334 ρεῗῐθέ
961 3218 986 3267 Ε
1006 3220 1018 3279 ti

98 3294 203 3398 {offa
219 3343 230 3413 Η
247 3295 419 3413 θὲἰῃῗῖοςίιιε
432 3349 457 3397 E
475 3297 612 3415 Regeicsrauaz
625 3292 796 3402 diducendus&
828 3302 872 3404 ..ἓ
886 3282 927 3418 ΕΙ]
939 3299 1020 3416 {53⁸

98 3420 145 3466 cat
157 3414 183 3463 Ε
202 3429 337 3478 quassans
357 3413 405 3483 Ait
422 3418 471 3467 936
490 3433 576 3482 genua
595 3418 646 3469 ΕΑ
665 3420 758 3470 scelus
775 3368 883 3486 panti
901 3420 961 3469 fluit
980 3420 1019 3470 εΑ

98 3483 180 3533 uolat
197 3490 222 3545 ψ
238 3479 250 3548 ii
265 3484 315 3533 948
333 3484 381 3532 Ait
398 3485 450 3535 hoc
468 3484 493 3533 E
517 3487 553 3535 Vt
571 3486 621 3537 hoc
640 3488 664 3535 Α
681 3484 693 3552 Η
709 3489 757 3538 951
777 3487 913 3538 scelerum
937 3486 1020 3551 (priua

100 3567 116 3601 e
135 3567 167 3600 m.
186 3550 255 3614 rec.)
273 3546 383 3617 1511952
400 3556 464 3603 tues
482 3552 531 3618 Ep
549 3555 604 3605 tuis
623 3556 647 3603 A
671 3552 682 3619 it
