2544 4040
506 240 674 288 PHAEDRA

131 400 198 442 cum
216 381 312 458 prima
329 396 420 458 puras
435 377 526 439 barba
543 380 674 457 signaret
690 398 780 458 genas

127 466 315 542 monstrique
331 477 449 523 caecarn
465 464 561 539 gnosii
576 463 653 524 uidit
668 464 788 524 domurn

128 558 158 611 et
172 550 261 626 longa
277 566 368 608 curua
384 546 431 608 fila
448 546 566 625 collegit
580 549 639 608 uia.

91 636 118 693 d'
173 633 323 703 Quietum
340 631 388 692 ille
403 631 520 693 lulsit.
550 639 721 710 presserant
736 634 824 693 uittae
840 651 969 703 comam,

129 726 158 779 et
174 736 226 779 ora
243 718 339 777 llauus
354 723 457 778 tenera
472 715 625 794 tinguebat
640 717 744 794 pudor.

127 805 247 864 inerant
261 801 380 862 lacertis
396 800 533 860 mollibus
549 801 641 862 sortes
657 803 716 861 tori

128 896 255 963 tuaeque
271 885 407 946 Phoebes
423 883 548 945 uultus
564 894 614 946 aut
628 884 741 946 Phoebi
757 888 815 948 mei

128 979 237 1032 tuusue
252 972 358 1048 potius.
388 967 455 1030 talis
470 987 506 1029 en
523 969 589 1030 talis
604 972 659 1031 luit

128 1073 196 1116 cum
213 1053 323 1134 placuit
337 1054 425 1115 hosti.
455 1057 499 1115 sie
514 1053 580 1114 tulit
595 1054 706 1115 celsurn
722 1064 819 1133 caput.

96 1149 115 1198 d
170 1139 204 1199 ln
221 1149 249 1199 te
265 1139 358 1217 magis
372 1136 542 1216 refulget
556 1141 725 1217 incomptus
741 1140 831 1201 decor

128 1231 158 1284 et
173 1223 291 1302 genitor
305 1225 334 1282 in
351 1230 381 1283 te
396 1231 485 1284 totus.
516 1230 545 1283 et
560 1232 664 1284 toruae
680 1232 777 1284 tarnen

126 1324 199 1387 pars
215 1308 311 1385 aliqua
328 1308 429 1368 rnatris
444 1308 550 1367 miscet
565 1326 599 1367 ex
616 1326 711 1386 aequo
727 1310 830 1369 decus:

127 1393 159 1452 in
175 1408 228 1452 ore
244 1394 327 1470 graio
343 1391 491 1472 scythicus
508 1398 631 1469 apparet
645 1394 737 1470 rigor.

127 1477 152 1536 si
169 1493 237 1537 curn
253 1484 377 1553 parente
392 1477 535 1538 creticum
550 1478 693 1538 intrasses
708 1476 815 1538 fretum

126 1559 182 1620 tibi
197 1559 244 1620 ula
260 1561 358 1638 potius
372 1569 474 1622 nostra
490 1562 620 1622 uenisset
635 1579 730 1623 soror.

31 1696 36 1709 .
90 1646 118 1704 d'
174 1644 217 1705 Te
233 1654 261 1705 te
276 1661 363 1704 soror
378 1663 564 1725 quacumque
579 1646 692 1706 siderea
709 1644 769 1725 poli

127 1731 160 1789 in
174 1736 259 1807 parte
276 1727 400 1806 fulges
415 1731 522 1790 inuoco
538 1731 573 1790 ad
590 1748 709 1791 causam
726 1749 839 1809 parem.

128 1813 236 1874 domus
251 1829 373 1875 sorores
387 1832 446 1874 una
463 1816 606 1894 corripuit
621 1815 703 1875 duas.

127 1904 157 1958 te
173 1898 290 1975 genitor
305 1904 335 1959 at
349 1916 397 1958 me
412 1906 528 1975 gnatus.
559 1917 596 1959 en
612 1900 735 1979 supplex
753 1901 828 1960 iacet

127 1981 248 2059 adlapsa
263 1981 389 2060 genibus
403 1984 503 2061 regiae
519 1983 617 2060 proles
633 1983 749 2045 domus.

126 2083 266 2143 respersa
281 2064 362 2126 nulla
379 2065 445 2127 labe
461 2075 490 2129 et
505 2068 612 2129 intacta
629 2069 781 2129 innocens.

97 2176 113 2210 e
171 2149 239 2210 Tibi
254 2158 354 2233 mutor
369 2153 431 2212 uni.
464 2160 544 2213 certa
560 2152 700 2214 descendi
716 2153 752 2212 ad
768 2171 890 2230 preces:

125 2235 218 2294 finem
234 2234 283 2295 hie
298 2234 393 2296 dolori
408 2237 496 2297 faciet
511 2244 560 2298 aut
575 2238 653 2297 uitae
668 2237 740 2297 dies.

126 2321 271 2380 miserere
286 2321 420 2381 amantis.

125 2416 221 2464 ΗΙΡΡ.
445 2423 552 2483 magne
567 2414 708 2483 regnator
724 2405 827 2474 doum,

128 2496 188 2548 tam
204 2487 302 2549 lentus
317 2488 399 2549 audis
414 2489 546 2550 scelera?
569 2496 628 2550 tarn
644 2489 741 2550 lentus
756 2489 856 2549 uides?

101 2581 115 2631 f
170 2572 332 2649 Ecquando
348 2591 435 2634 saeua
453 2573 564 2654 lulmen
581 2575 697 2635 emittes
713 2592 801 2634 manu

126 2657 152 2715 si
166 2674 247 2717 nunc
263 2674 402 2718 serenum
418 2659 482 2718 est?
505 2660 601 2718 ornnis
617 2658 750 2736 inpulsus
765 2665 831 2718 ruat

126 2852 331 2862 *-

195 2977 245 3027 660
263 2978 334 3026 flaui
352 2981 384 3028 ei.
403 2978 453 3029 Bo.
470 2974 482 3043 l]
500 2978 629 3044 tingebat
646 2979 729 3029 rubor
747 2980 771 3028 A
794 2980 941 3045 tinguebat
958 2978 1046 3044 pudor

126 3044 153 3094 Ε
169 3041 248 3111 [1662
267 3048 370 3095 tuaene
388 3046 430 3096 Αε
449 3051 579 3110 tuaeque
597 3045 647 3098 Bo.
665 3042 742 3112 71663
761 3051 878 3112 tuusque
897 3064 919 3098 ω
936 3052 1044 3097 tuusne

128 3112 177 3165 Bo.
191 3119 218 3162 et
230 3111 298 3162 cau.
313 3129 327 3163 e
340 3114 486 3164 coniectura
497 3115 549 3163 uiri
560 3115 630 3163 docti
647 3116 781 3179 adscripta
792 3131 873 3180 uturp.
885 3117 927 3166 ed.
940 3116 1043 3168 Fabato.

126 3178 205 3245 (quae
224 3186 263 3229 eat
280 3182 306 3229 in
324 3180 381 3230 bibl.
399 3182 468 3233 unio.
487 3180 653 3245 Hasnienrie)
665 3177 677 3248 ll
689 3183 739 3232 666
758 3188 811 3232 est
830 3182 881 3247 (uel
898 3181 948 3247 cn)
967 3183 1045 3248 geni·

124 3252 170 3297 tor
193 3248 225 3297 ci.
244 3247 319 3297 NHr.
343 3244 355 3314 ll
379 3249 514 3299 toruusA
544 3253 618 3298 totus
637 3248 702 3299 und
724 3246 736 3317 ll
759 3252 808 3302 668
827 3255 907 3316 grato
926 3267 945 3301 ot
986 3250 1045 3300 reio

124 3315 177 3378 Εψ
197 3309 210 3380 ΙΙ
229 3315 280 3365 670
297 3315 452 3366 cecidisset
469 3316 494 3366 Ε
514 3311 526 3382 Η
546 3317 595 3367 671
615 3317 718 3367 siderei
735 3319 760 3367 A
784 3319 901 3384 syderea
918 3318 944 3367 Ε
967 3265 1046 3382 ῗ673

125 3381 196 3432 duas
218 3398 288 3433 corr.
307 3399 343 3433 eae
360 3385 435 3433 riuos
455 3380 500 3447 (i)
519 3383 545 3433 Ε
564 3381 576 3450 ll
597 3385 646 3435 677
666 3386 759 3436 mittor
777 3386 802 3436 A
821 3390 910 3437 mutor
928 3397 942 3434 ε
958 3381 963 3449 l
990 3384 1047 3434 dis·

125 3449 210 3500 eendi
228 3450 254 3499 E
270 3447 281 3515 ΙΙ
299 3452 349 3501 679
366 3451 503 3500 PHOED.
524 3467 623 3517 magne
641 3450 686 3516 13¹,
705 3456 741 3504 ad
756 3469 803 3518 mg.
823 3454 902 3504 YPP.
920 3448 932 3517 ΙΙ
949 3452 996 3502 681
1018 3457 1046 3503 et

125 3516 237 3580 quondo
256 3517 306 3581 Εψ
325 3518 469 3582 ecquando
484 3535 502 3569 oc
514 3515 526 3585 ll
539 3521 648 3570 emittes
664 3521 686 3570 A
706 3522 808 3571 emittis
827 3520 852 3569 Ε
874 3515 886 3584 ss
