2544 4040
218 215 280 279 194
490 232 521 279 u.
547 232 678 279 Annum
702 232 860 280 sunnone

443 417 581 464 TIRESIA
597 419 642 464 ΕΤ
658 418 757 464 IDEM.
781 419 913 466 MAN'PO.

182 565 199 598 a
260 539 381 599 Sacrate
397 539 473 599 diuis
488 542 656 617 proximum
672 540 821 600 Phoebo
837 551 926 620 caput
1160 554 1206 602 100

216 641 360 702 respousa
376 623 473 692 solue,
490 625 553 684 1000
569 643 658 704 quem
673 642 788 702 poenae
803 633 914 703 petent.

215 722 283 768 unx.
308 708 386 787 quod
403 704 485 769 100010
502 709 563 769 latu
580 715 624 770 est
638 709 753 787 lingue,
770 710 849 788 quod
865 712 982 790 quaerit
997 729 1118 784 mores,

215 794 288 854 hant
304 800 331 853 te
347 793 465 870 quidem
483 796 671 868 magnanime
688 795 788 854 mirari
804 794 936 856 addecet.

182 879 207 938 a'
259 878 327 937 Visu
345 879 456 938 carenti
472 895 577 955 magna
593 896 663 956 pars
679 880 743 939 ueri
759 878 841 948 lutet,

214 963 266 1022 sed
282 981 341 1042 quo
357 968 445 1022 uocet
459 980 506 1023 me
521 964 616 1040 patrie
632 981 691 1041 qno
707 963 879 1025 Phoebus
894 982 1018 1041 sequar:
1159 975 1204 1027 30⁰

215 1048 273 1108 1000
290 1053 442 1107 eruantur.
473 1047 498 1106 si
513 1046 591 1106 loret
606 1048 710 1108 uiridis
727 1048 799 1108 mihi

215 1130 384 1209 calidusque
400 1132 533 1214 sanguis,
550 1139 672 1210 pectore
688 1135 856 1212 exciperem
873 1134 970 1194 deum.

178 1227 196 1276 b
257 1214 402 1293 Appellite
417 1218 494 1275 aris
510 1216 668 1276 candidum
684 1224 768 1296 tergo
784 1218 891 1279 bouem

214 1318 368 1379 curuoque
383 1319 545 1379 numquam
561 1300 635 1361 colle
653 1301 829 1379 depressum
844 1305 924 1379 iugo.

213 1394 246 1446 tu
260 1385 334 1445 lucis
349 1388 467 1464 inopem
484 1391 571 1464 gnate
587 1387 754 1464 genitorem
770 1405 878 1465 regens
1157 1400 1202 1448 30⁵

213 1470 368 1530 manifesta
385 1470 460 1530 sacri
476 1472 559 1546 signa
576 1470 687 1531 fatidici
703 1472 792 1531 reler.

213 1567 298 1614 MAN.
323 1554 422 1632 opima
436 1563 554 1614 sanctas
569 1555 689 1615 uictima
700 1563 774 1615 ente
790 1574 877 1616 00οε
893 1558 979 1617 stetit

179 1640 204 1698 b'
258 1652 326 1697 mn.
351 1639 384 1699 ln
399 1646 468 1698 uota
484 1656 609 1716 superos
624 1657 699 1699 uoce
715 1639 838 1700 solemni
854 1658 927 1701 uoce
1049 1654 1071 1697 F.
1084 1654 1199 1697 Lxxxx!

213 1740 358 1801 arasque
374 1724 452 1783 dono
467 1725 542 1784 turis
557 1724 602 1784 eoi
618 1732 731 1784 extrue.

212 1821 298 1867 MAN.
322 1809 379 1868 iam
395 1816 461 1868 tura
477 1809 570 1869 sacris
586 1806 725 1868 caelitum
741 1810 849 1886 ingessi
864 1809 948 1869 focis.
1155 1824 1201 1873 000

213 1906 281 1952 utu.
307 1892 376 1971 quid
393 1891 510 1952 flemma
527 1891 625 1969 largas
640 1893 738 1952 iamne
753 1894 928 1972 conprendit
943 1893 1055 1972 dapes?

212 1990 298 2037 MAN.
323 1976 421 2037 subito
437 1976 553 2038 refulsit
567 1977 679 2037 lumine
696 1985 725 2038 et
740 1977 837 2037 subito
854 1978 970 2038 occidit.

179 2087 194 2120 c
256 2075 323 2121 Tin.
346 2062 490 2121 Vtrumne
506 2060 603 2122 clarus
619 2063 720 2139 ignis
735 2070 765 2122 et
780 2063 888 2123 nitidus
903 2064 980 2123 stetit

211 2155 370 2224 rectusque
385 2164 495 2223 purum
510 2148 655 2206 uerticem
671 2145 752 2206 coelo
769 2145 834 2206 tulit

212 2238 241 2292 et
256 2248 401 2291 summum
418 2232 446 2291 in
464 2249 552 2291 aures
567 2231 650 2291 susus
666 2230 805 2308 explicuit
821 2232 953 2291 comem?
1151 2249 1198 2297 em

211 2333 249 2376 en
265 2313 357 2375 latera
373 2316 452 2376 circa
468 2317 561 2392 serpit
575 2317 708 2375 incertus
724 2316 791 2375 uiae

211 2407 240 2460 et
255 2399 416 2460 fluctuante
433 2399 570 2459 turbidus
587 2398 668 2459 inmo
683 2397 780 2459 lebat?

211 2497 295 2545 mxu.
320 2502 378 2544 non
395 2502 452 2545 une
468 2484 558 2545 iacies
573 2482 691 2543 mobilis
706 2483 842 2545 ilemmue
858 2484 922 2545 fuit.

175 2560 201 2628 b'
254 2568 409 2629 lmbriiera
426 2568 521 2645 otialis
536 2566 656 2646 inplicat
671 2569 768 2628 uarios
784 2569 840 2629 sibi

210 2654 263 2713 iris
279 2652 394 2713 colores
409 2662 494 2732 perte
510 2670 585 2730 quae
601 2670 708 2730 magna
726 2651 784 2730 poli

212 2747 332 2798 curuata
349 2739 428 2816 picto
444 2740 561 2798 nuntiat
576 2737 694 2797 nimbos
709 2739 793 2797 sinu:

212 2823 277 2900 quis
293 2821 367 2883 desit
381 2821 423 2882 illi
440 2823 544 2901 quisue
560 2823 598 2882 sit
613 2820 729 2882 dubites
745 2821 836 2882 color.

278 3025 422 3077 TIRESIA
441 3025 488 3074 ET
507 3024 622 3076 IDEM·
637 3022 764 3073 MAN'l'O
783 3024 809 3073 E
832 3024 992 3076 OEDIPVS
1008 3051 1015 3064 ·
1029 3027 1126 3077 ’111111-

210 3092 306 3149 stes·
318 3092 444 3143 MANTO
458 3093 483 3143 A
501 3089 513 3157 11
529 3094 579 3144 295
593 3092 677 3143 OEl).
689 3091 715 3140 E
727 3107 773 3142 om.
787 3092 811 3141 A
824 3089 836 3158 11
852 3094 902 3143 297
914 3093 997 3143 tarde
1011 3095 1073 3144 fatu
1085 3102 1127 3145 est

209 3161 234 3210 E
251 3161 324 3211 Voss.
341 3160 413 3211 Crux.
432 3160 512 3210 tarde
530 3161 592 3211 futu
607 3160 718 3225 prum
730 3174 778 3223 mp.
801 3159 879 3210 turdo
897 3161 987 3211 fatum
1008 3164 1032 3211 A
1057 3160 1128 3229 lude

208 3229 278 3279 haut
291 3227 453 3293 equidemE
471 3229 612 3279 Betrianue
624 3227 725 3278 ntembr.
743 3227 816 3277 haud
830 3233 857 3277 te
871 3228 978 3293 quidem
993 3230 1018 3278 A
1043 3226 1047 3295 Ι
1077 3233 1127 3281 299

210 3300 320 3348 carenti
332 3296 382 3360 Eur
402 3300 542 3345 carentem
555 3297 579 3345 A
591 3292 664 3362 11302
677 3297 830 3359 exciperem
844 3295 869 3345 E
885 3297 959 3347 Voss.
973 3305 997 3361 ψ
1016 3303 1126 3349 excute·

210 3381 266 3415 rem
279 3367 304 3415 A
316 3361 328 3429 11
340 3365 390 3415 306
401 3363 502 3412 10011101
513 3371 537 3426 ψ
549 3360 560 3429 11
572 3366 623 3416 301
634 3364 842 3419 01001000ξο000
855 3365 880 3413 E
892 3361 903 3429 11
915 3367 964 3414 311
985 3381 1046 3416 com
1067 3381 1127 3415 reu-

209 3433 310 3546 ditbelep
327 3429 540 3560 pomprehendit
559 3432 582 3479 A
606 3429 618 3495 11
641 3433 690 3481 312
713 3431 815 3481 lumine
837 3433 860 3482 Ε
881 3432 974 3482 lumen
993 3436 1019 3483 A
1043 3382 1128 3499 11818

209 3512 252 3547 mo
274 3514 308 3545 ιι
353 3513 376 3546 0.
