2576 4044
522 293 721 341 Aunuuun'o

156 433 253 510 caiigo
270 441 299 493 et
315 434 397 493 omni
411 430 477 493 luce
492 432 637 494 subducta
654 433 762 492 fretum

156 517 332 595 caelumque
347 519 461 577 miscet.
492 516 622 595 undique
639 516 813 576 incumbunt
827 516 916 577 simul
1095 531 1146 580 495

157 605 335 681 rapiuntque
351 602 473 680 pelagus
488 602 588 661 infimo
605 619 743 661 euersum
760 601 823 661 solo

155 687 302 747 aduersus
319 704 391 747 euro
407 686 554 764 zephyrus
571 693 599 745 et
615 685 725 745 boreae
740 693 835 746 notus.

202 771 260 831 Sua
277 773 401 849 quisque
417 772 506 830 mittit
520 769 577 830 teia
594 778 624 830 et
639 769 738 830 iuiesti
753 770 860 830 fretum

157 854 348 916 emoliuntur.
381 855 469 915 turbo
485 853 637 915 conuoluit
653 872 750 914 mare:

155 942 339 1020 strymonius
355 940 427 1002 altas
443 938 540 1016 aquilo
557 945 733 1015 contorquet
749 940 831 1000 niues

158 1023 332 1103 libycusque
347 1025 474 1084 harenas
490 1032 588 1084 auster
604 1024 639 1084 ad
656 1031 751 1101 syrtes
767 1025 835 1102 agit.

157 1127 213 1170 nec
228 1115 328 1170 manet
342 1111 372 1169 in
389 1116 503 1169 austro:
529 1109 561 1167 fit
575 1110 677 1184 grauis
693 1108 801 1168 nimbis
817 1113 918 1177 notus,

157 1193 253 1254 imbre
269 1200 357 1270 auget
370 1194 484 1262 undas,
502 1212 591 1253 eurus
607 1194 750 1253 orientem
767 1201 868 1252 mouet

156 1277 299 1338 nabataea
317 1279 451 1356 quatiens
465 1295 557 1355 regna
575 1286 604 1338 et
619 1295 689 1337 eoos
704 1278 796 1336 sinus.

200 1362 276 1433 outo
291 1362 412 1422 rabidus
427 1379 478 1421 ora
495 1379 583 1422 eorus
598 1378 710 1421 oceano
726 1360 869 1422 exerens?

156 1447 303 1507 mundum
319 1445 424 1506 reuelli
440 1445 560 1505 sedibus
576 1452 669 1505 totum
686 1446 747 1506 suis

156 1534 297 1609 ipsosque
313 1539 401 1608 rupto
418 1530 557 1590 crederes
573 1529 653 1590 eaelo
669 1529 741 1589 deos

156 1614 297 1676 decidere
313 1622 342 1674 et
357 1621 453 1674 atrum
470 1613 561 1674 rebus
575 1614 675 1674 induci
691 1614 790 1674 chaos.
812 1610 814 1613 ’

156 1708 248 1760 uento
265 1700 375 1760 resistit
389 1706 488 1760 aestus
504 1705 533 1759 et
547 1707 655 1759 uentus
671 1706 751 1758 retro

155 1793 271 1846 aestum
288 1783 425 1844 reuoluit.
456 1801 515 1843 non
532 1783 610 1862 capit
625 1801 689 1844 sese
705 1800 787 1844 mare

156 1869 312 1947 undasque
328 1871 453 1929 miscent
468 1867 564 1928 imber
580 1876 609 1928 et
624 1868 730 1928 fluetus
745 1885 821 1927 suas.

200 1955 262 2015 Nec
277 1955 334 2014 hoc
349 1952 485 2014 leuamen
501 1952 628 2030 denique
644 1953 795 2013 aerumnis
810 1952 897 2013 datur

158 2038 262 2099 uidere
278 2038 381 2098 saltem
398 2046 428 2098 et
443 2055 529 2097 nosse
545 2055 604 2114 quo
620 2044 744 2116 pereant
759 2035 852 2097 malo:

157 2129 298 2200 premunt
311 2122 455 2183 tenebrae
470 2121 580 2182 lumina
597 2130 626 2182 et
641 2122 722 2182 dirae
739 2122 835 2200 Stygis

157 2206 274 2267 inferna
290 2225 349 2266 nox
366 2216 420 2267 est.
451 2207 590 2267 excidunt
605 2207 688 2284 ignes
703 2213 800 2265 tamen

157 2298 188 2352 et
203 2290 282 2351 nube
298 2290 395 2350 dirum
411 2289 522 2350 tulmen
539 2290 609 2351 elisa
626 2293 716 2350 micat

156 2377 334 2452 miserisque
350 2373 425 2434 lucis
439 2382 518 2436 tanta
535 2374 663 2436 dulcedo
679 2382 724 2435 est
738 2373 848 2435 malae:

157 2458 216 2519 hoe
232 2459 334 2520 lumen
351 2466 463 2536 optant.

488 2543 554 2622 Ipsa
570 2562 601 2605 sc
618 2543 719 2604 classis
735 2545 843 2622 premit

155 2635 188 2688 et
203 2645 294 2706 prora
309 2645 417 2706 prorae
433 2630 535 2689 nocuit
550 2636 579 2689 et
594 2626 678 2689 lateri
692 2627 779 2690 tatus.

156 2710 237 2771 illam
254 2711 408 2773 dehiscens
424 2720 531 2791 pontus
545 2715 576 2772 in
592 2731 736 2793 praeceps
752 2714 830 2792 rapit

157 2796 315 2875 hauritque
332 2805 360 2857 et
376 2797 434 2857 alto
448 2797 595 2858 redditam
610 2799 738 2858 reuomit
752 2802 844 2867 mari,

223 3069 274 3118 496
302 3068 462 3133 Rapuitqne
485 3077 508 3132 ψ
537 3065 549 3133 Η
578 3066 697 3117 infimum
722 3084 819 3119 euerso
842 3068 905 3134 polo
929 3068 955 3117 E
984 3069 1076 3122 infimo

153 3182 281 3218 euersum
299 3168 358 3219 solo
375 3168 400 3219 A
446 3168 495 3221 497
515 3146 637 3220 Aduersb
656 3168 691 3218 ΕΙ
710 3164 722 3234 ΙΙ
737 3172 787 3221 498
811 3172 898 3220 mittit
921 3172 947 3221 Ε
960 3172 983 3221 R
995 3173 1077 3223 Hein-

153 3238 243 3285 sr'anus
255 3236 367 3286 mittunt
379 3236 404 3286 A
441 3239 490 3287 501
504 3238 539 3287 ed
551 3238 577 3286 E
589 3239 630 3288 M)
641 3238 743 3287 IIPall.
755 3240 792 3302 9?
805 3238 970 3293 Germaniam
983 3255 1017 3289 ee
1029 3241 1055 3290 A
1067 3239 1076 3304 ΙΙ

153 3303 208 3352 504
226 3305 270 3352 ete
289 3319 342 3354 oos
361 3302 445 3369 (prius
463 3320 479 3355 o
498 3323 529 3355 m.
547 3306 620 3367 tert.)
639 3305 664 3353 Ε
675 3301 686 3371 Η
699 3320 782 3355 sonus
801 3305 837 3354 E¹
856 3308 932 3356 sinus
951 3305 986 3355 Ε3
998 3303 1011 3370 ΙΙ
1027 3309 1077 3358 505

155 3368 270 3419 rabidus
288 3371 444 3437 E1opidus
462 3373 487 3422 A
504 3370 516 3438 ΙΙ
534 3375 583 3425 506
602 3374 713 3423 reuellit
729 3373 755 3422 Ε
772 3373 870 3423 reuelli
887 3374 912 3422 A
930 3369 942 3437 i!
964 3374 1013 3424 507
1032 3388 1076 3422 ru-

155 3441 218 3502 ptos
234 3453 253 3502 9
270 3442 364 3504 reptos
381 3440 405 3489 R
458 3442 507 3492 508
525 3441 670 3491 Decedere
688 3440 714 3489 Ε
734 3437 746 3507 ΙΙ
767 3442 816 3491 512
840 3440 922 3491 datur
939 3440 965 3488 E
983 3440 1077 3491 datum

155 3508 199 3556 est
216 3506 241 3554 A
266 3512 310 3556 est
327 3522 374 3556 om.
393 3508 415 3557 R
455 3510 505 3559 517
523 3508 597 3559 mele
617 3507 789 3573 (coeptant)
809 3507 857 3559 Bo.
870 3503 881 3574 ΙΙ
893 3510 942 3560 521
961 3524 1036 3559 mere
1055 3526 1077 3560 ω

154 3573 230 3622 meri
249 3573 328 3625 Gron.
347 3581 373 3625 et
391 3576 466 3628 NH.
489 3571 501 3642 [Ι

140 3662 144 3671 ’
208 3672 332 3709 senecae
353 3673 437 3712 nune.
830 3656 873 3721 22
