2544 4046
221 258 262 329 86
499 278 856 327 n.auuxn1snunoxu
911 328 917 341 ,

224 419 340 479 ceruice
356 427 581 488 caesa‘truncus
596 418 625 477 in
642 416 770 496 pronum
785 420 853 489 ruit,

224 502 383 582 querulum
400 504 532 563 cucurrit
549 521 702 563 murmure
718 505 832 563 incerto
849 511 945 583 caput.

171 626 174 631 -
221 599 325 650 cnon.
350 588 420 668 quid
436 588 543 649 deinde
559 589 676 666 gemina
690 588 780 648 caede
796 589 971 665 perfunctus
987 589 1076 652 taciti
1145 644 1148 648 a
1165 608 1210 658 tao

221 689 354 749 puerone
370 675 483 750 parcit?
500 691 537 732 an
553 670 649 732 scelus
664 672 771 733 sceleri
787 674 913 750 ingerit?

192 775 205 826 f
264 770 369 816 anu.
400 756 479 818 Siiua
494 757 612 817 iubatus
627 755 749 836 qualis
765 759 897 818 armenia
912 757 960 818 leo

221 843 251 900 in
268 842 358 902 caede
375 841 466 902 muita
481 842 577 902 uictor
593 850 730 902 armento
742 841 864 902 incubat

221 928 340 1005 (cruore
356 928 448 986 rictus
463 926 598 986 rnadidus
613 936 643 986 et
658 925 741 1005 pulsa
758 927 835 986 ieme

221 1029 282 1070 non
297 1012 382 1089 ponit
397 1013 470 1070 iras:
487 1010 556 1070 hinc
572 1018 602 1070 et
617 1010 685 1070 hinc
700 1017 802 1071 tauros
818 1028 958 1089 premens
1164 1028 1209 1077 736

201 1105 210 1113 “’
221 1094 321 1156 uitulis
336 1097 474 1163 minatur,
497 1095 585 1155 dente
600 1095 658 1154 iarn
674 1092 751 1156 lasso
767 1097 861 1175 piger)
872 1117 882 1155 :.

182 1171 206 1230 f'
262 1179 339 1240 Non
356 1179 473 1241 aliter.
482 1181 588 1241 Atreus
604 1182 698 1240 saeuit
713 1186 800 1258 atque
815 1182 860 1240 ira
876 1186 970 1240 tumet

127 1334 130 1337 ,
221 1264 394 1341 ferrumque
409 1266 526 1343 gemina
542 1264 633 1324 caede
644 1265 797 1341 perfusum
814 1271 927 1334 tenens,
1009 1319 1011 1322 Α

221 1348 330 1409 oblitus
345 1350 374 1407 in
390 1368 478 1428 quem
494 1349 621 1418 fureret,
639 1348 743 1408 infesta
760 1366 849 1408 manu

222 1435 318 1511 exegit
332 1433 409 1495 ultra
426 1452 544 1513 corpus.
570 1441 601 1493 at
614 1435 699 1511 pueri
715 1435 812 1492 statim

223 1524 345 1597 pectore
359 1526 499 1597 receptus
515 1520 593 1578 ensis
608 1520 639 1577 in
657 1524 740 1595 tergo
758 1518 877 1578 exstitit.
901 1564 903 1570 ,
979 1556 982 1561 »

183 1595 208 1669 g'
264 1602 347 1662 Cadit
361 1601 410 1663 ille
426 1609 455 1661 et
469 1620 536 1663 aras
551 1603 695 1680 sanguiue
710 1604 885 1679 extinguens
900 1619 954 1663 suo

222 1705 275 1764 per
290 1694 449 1765 utrumque
464 1685 573 1746 uulnus
588 1689 726 1747 moritur.

222 1783 324 1832 onon.
527 1797 529 1801 ¹
759 1789 776 1831 o
791 1788 914 1831 saeuum
930 1769 1036 1830 scelus.

222 1869 327 1916 uvur.
352 1856 564 1917 exhorruistis?
586 1856 730 1915 hactenus
745 1857 769 1915 si
785 1862 842 1916 stat
856 1855 949 1923 nefas,

221 1943 289 2020 pius
305 1948 358 2001 est.
502 1986 504 1991 .
623 1962 626 1967 ·

178 2043 204 2077 ·e
265 2037 369 2086 cflolt.
413 2026 457 2085 An
473 2023 550 2086 ultra
565 2027 659 2086 maius
674 2031 725 2084 aut
740 2026 869 2085 atrocius

222 2117 325 2170 natura
343 2111 465 2187 recipit?
695 2162 697 2166 ,

222 2208 325 2255 uvuu.
506 2192 666 2255 sceleris
681 2192 760 2253 huuc
775 2194 864 2253 sinent
880 2194 986 2270 putas?

222 2279 332 2358 gradus
348 2288 401 2340 est.

222 2377 326 2426 cnott.
438 2362 508 2443 quid
524 2363 600 2423 ultra
615 2364 728 2440 potuit?
750 2362 859 2422 obiecit
875 2361 946 2422 ieris

227 2450 363 2510 lanianda
379 2451 480 2511 forsan
499 2466 625 2527 corpora
642 2457 730 2523 atque
745 2448 814 2525 igue
830 2448 933 2506 arcuit.

227 2546 331 2594 uvur.
355 2536 466 2594 utinam
483 2535 636 2593 arcuisset.
666 2549 704 2591 ne
719 2537 799 2610 tegat
814 2532 931 2592 iunctos
947 2531 1063 2598 humus.

225 2635 281 2678 nec
296 2616 392 2678 soiuat
406 2619 497 2695 ignis,
515 2615 798 2693 auttus'eputandos
813 2614 882 2675 iicet

226 2701 358 2780 serisque
373 2704 458 2762 triste
473 2699 615 2778 pabulum
632 2702 729 2761 saeuis
744 2700 851 2760 trahat.

190 2779 216 2838 e'
271 2788 377 2846 Votum
395 2794 439 2846 est
453 2785 509 2844 sub
525 2785 596 2853 hoc,
612 2786 692 2863 quod
709 2803 774 2845 esse
789 2782 965 2862 supplicium
980 2780 1071 2843 solet:

226 2877 310 2948 pater
326 2869 489 2947 insepultos
503 2877 626 2947 spectet.
657 2889 674 2930 o
690 2868 771 2930 nulio
793 2867 919 2929 scetus

226 2954 368 3016 credibiie
384 2956 413 3014 in
430 2971 504 3014 aeuo
520 2952 659 3031 quodque
674 2955 832 3032 posteritas
848 2958 943 3031 neget.

226 3049 326 3118 erepta
342 3040 418 3100 uiuis
434 3046 499 3099 exta
515 3038 686 3117 pectoribus
700 3045 833 3099 tremunt
1107 3042 1113 3050 '
1163 3050 1210 3102 tot

226 3126 400 3204 spirantque
414 3141 510 3185 uenae
525 3141 636 3202 corque
652 3123 749 3184 adhuc
764 3123 903 3202 pauidum
919 3120 994 3182 salit.

226 3280 426 3290 —-——-—.

295 3365 343 3415 731
372 3362 477 3414 scelere
500 3361 525 3411 Ε
555 3360 656 3412 sceleri
675 3361 700 3410 Α
739 3356 751 3424 Η
792 3360 842 3410 739
872 3362 1010 3418 rueretur
1039 3356 1147 3407 fureret

226 3431 273 3482 Εα
296 3427 308 3498 ΙΙ
336 3432 384 3493 tat
404 3431 474 3481 exiit
491 3446 510 3480 α
532 3430 612 3480 stetit
630 3428 670 3477 ltu
689 3428 782 3479 extitit
799 3434 839 3489 ψε
861 3422 873 3491 Η
902 3428 952 3476 744
970 3439 1024 3475 non
1043 3427 1102 3473 stat
1121 3423 1146 3474 A

227 3500 348 3551 stetten
375 3499 400 3548 si
418 3502 475 3549 stat
493 3497 519 3547 E
545 3493 557 3564 Η
587 3498 637 3547 745
658 3495 720 3562 plus
739 3499 782 3545 est
800 3495 825 3544 Α
857 3494 919 3559 pius
939 3496 981 3544 est
999 3491 1026 3542 E
1053 3489 1066 3558 ΙΙ
1097 3494 1149 3543 'tto

225 3581 261 3617 ne
280 3569 304 3616 Α
328 3582 381 3617 nec
400 3567 425 3617 Ε
447 3563 460 3635 ii
483 3568 532 3618 761
550 3565 646 3615 trudat
664 3563 688 3612 Ε
711 3560 723 3629 ΙΙ
