<?xml version="1.0" encoding="UTF-8"?>
<!DOCTYPE html PUBLIC "-//W3C//DTD XHTML 1.0 Transitional//EN"
    "http://www.w3.org/TR/xhtml1/DTD/xhtml1-transitional.dtd">
<html xmlns="http://www.w3.org/1999/xhtml" xml:lang="en" lang="en">
 <head>
  <title>
</title>
<meta http-equiv="Content-Type" content="text/html;charset=utf-8" />
  <meta name='ocr-system' content='tesseract 3.04.00' />
  <meta name='ocr-capabilities' content='ocr_page ocr_carea ocr_par ocr_line ocrx_word'/>
</head>
<body>
  <div class='ocr_page' id='page_1' title='image "./lannaeisenecaet08senegoog_0199.png"; bbox 0 0 2544 4040; ppageno 0'>
   <div class='ocr_carea' id='block_1_1' title="bbox 229 245 867 310">
    <p class='ocr_par' dir='ltr' id='par_1_1' title="bbox 229 245 867 310">
     <span class='ocr_line' id='line_1_1' title="bbox 229 245 867 310; baseline -0.011 0"><span class='ocrx_word' id='word_1_1' title='bbox 229 245 291 310; x_wconf 87' lang='grc'>128</span> <span class='ocrx_word' id='word_1_2' title='bbox 509 259 540 307; x_wconf 81' lang='lat' dir='ltr'>n.</span> <span class='ocrx_word' id='word_1_3' title='bbox 558 258 693 306; x_wconf 73' lang='lat' dir='ltr'>unuani</span> <span class='ocrx_word' id='word_1_4' title='bbox 709 252 867 304; x_wconf 73' lang='lat' dir='ltr'>annuens</span> 
     </span>
    </p>
   </div>
   <div class='ocr_carea' id='block_1_2' title="bbox 102 396 1242 3091">
    <p class='ocr_par' dir='ltr' id='par_1_2' title="bbox 151 396 1023 647">
     <span class='ocr_line' id='line_1_2' title="bbox 226 396 988 478; baseline -0.007 -18"><span class='ocrx_word' id='word_1_5' title='bbox 226 397 404 478; x_wconf 84' lang='lat' dir='ltr'>humilisque</span> <span class='ocrx_word' id='word_1_6' title='bbox 419 413 557 458; x_wconf 79' lang='lat' dir='ltr'>socerum</span> <span class='ocrx_word' id='word_1_7' title='bbox 572 396 629 457; x_wconf 83' lang='lat' dir='ltr'>lira</span> <span class='ocrx_word' id='word_1_8' title='bbox 645 396 845 457; x_wconf 75' lang='lat' dir='ltr'><strong>dominantem</strong></span> <span class='ocrx_word' id='word_1_9' title='bbox 861 397 988 474; x_wconf 77' lang='lat' dir='ltr'>sequar?</span> 
     </span>
     <span class='ocr_line' id='line_1_3' title="bbox 226 482 904 559; baseline -0.004 -15"><span class='ocrx_word' id='word_1_10' title='bbox 226 486 255 544; x_wconf 94' lang='lat' dir='ltr'>in</span> <span class='ocrx_word' id='word_1_11' title='bbox 272 484 444 544; x_wconf 85' lang='lat' dir='ltr'>seruitutem</span> <span class='ocrx_word' id='word_1_12' title='bbox 461 482 568 543; x_wconf 89' lang='lat' dir='ltr'>cadere</span> <span class='ocrx_word' id='word_1_13' title='bbox 583 482 620 543; x_wconf 89' lang='lat' dir='ltr'>de</span> <span class='ocrx_word' id='word_1_14' title='bbox 636 499 729 559; x_wconf 84' lang='lat' dir='ltr'>regno</span> <span class='ocrx_word' id='word_1_15' title='bbox 744 497 836 556; x_wconf 83' lang='lat' dir='ltr'>graue</span> <span class='ocrx_word' id='word_1_16' title='bbox 852 488 904 542; x_wconf 86' lang='lat' dir='ltr'>est.</span> 
     </span>
     <span class='ocr_line' id='line_1_4' title="bbox 151 568 1023 647; baseline -0.002 -19"><span class='ocrx_word' id='word_1_17' title='bbox 151 637 158 647; x_wconf 18' lang='grc' dir='ltr'>θ</span> <span class='ocrx_word' id='word_1_18' title='bbox 226 579 296 627; x_wconf 82' lang='lat'>100.</span> <span class='ocrx_word' id='word_1_19' title='bbox 320 569 344 628; x_wconf 92' lang='lat' dir='ltr'>si</span> <span class='ocrx_word' id='word_1_20' title='bbox 359 583 451 644; x_wconf 81' lang='lat' dir='ltr'>regna</span> <span class='ocrx_word' id='word_1_21' title='bbox 467 568 585 643; x_wconf 85' lang='lat' dir='ltr'>quaeris</span> <span class='ocrx_word' id='word_1_22' title='bbox 600 583 656 627; x_wconf 89' lang='lat' dir='ltr'>uec</span> <span class='ocrx_word' id='word_1_23' title='bbox 671 572 769 645; x_wconf 87' lang='lat' dir='ltr'>potest</span> <span class='ocrx_word' id='word_1_24' title='bbox 784 572 902 644; x_wconf 89' lang='lat' dir='ltr'>sceptro</span> <span class='ocrx_word' id='word_1_25' title='bbox 918 583 1023 627; x_wconf 88' lang='lat' dir='ltr'>manus</span> 
     </span>
    </p>

    <p class='ocr_par' dir='ltr' id='par_1_3' title="bbox 225 650 863 813">
     <span class='ocr_line' id='line_1_5' title="bbox 227 650 863 728; baseline -0.005 -17"><span class='ocrx_word' id='word_1_26' title='bbox 227 669 334 713; x_wconf 90' lang='lat' dir='ltr'>uacare</span> <span class='ocrx_word' id='word_1_27' title='bbox 349 669 453 713; x_wconf 86' lang='lat' dir='ltr'>saeuo:</span> <span class='ocrx_word' id='word_1_28' title='bbox 477 650 568 711; x_wconf 88' lang='lat' dir='ltr'>multa</span> <span class='ocrx_word' id='word_1_29' title='bbox 584 668 659 728; x_wconf 89' lang='lat' dir='ltr'>quae</span> <span class='ocrx_word' id='word_1_30' title='bbox 674 650 788 727; x_wconf 80' lang='lat' dir='ltr'>possint</span> <span class='ocrx_word' id='word_1_31' title='bbox 802 650 863 727; x_wconf 91' lang='lat' dir='ltr'>peti</span> 
     </span>
     <span class='ocr_line' id='line_1_6' title="bbox 225 732 801 813; baseline -0.003 -18"><span class='ocrx_word' id='word_1_32' title='bbox 225 738 256 795; x_wconf 93' lang='lat' dir='ltr'>in</span> <span class='ocrx_word' id='word_1_33' title='bbox 273 735 346 797; x_wconf 85' lang='lat' dir='ltr'>orbe</span> <span class='ocrx_word' id='word_1_34' title='bbox 360 745 431 806; x_wconf 88' lang='lat' dir='ltr'>toto,</span> <span class='ocrx_word' id='word_1_35' title='bbox 449 733 596 813; x_wconf 88' lang='lat' dir='ltr'>quaelibet</span> <span class='ocrx_word' id='word_1_36' title='bbox 610 733 697 795; x_wconf 89' lang='lat' dir='ltr'>tellus</span> <span class='ocrx_word' id='word_1_37' title='bbox 712 732 801 794; x_wconf 91' lang='lat' dir='ltr'>dabit.</span> 
     </span>
    </p>

    <p class='ocr_par' dir='ltr' id='par_1_4' title="bbox 198 815 928 1321">
     <span class='ocr_line' id='line_1_7' title="bbox 198 815 928 894; baseline -0.004 -14"><span class='ocrx_word' id='word_1_38' title='bbox 198 831 216 880; x_wconf 82' lang='lat' dir='ltr'>h</span> <span class='ocrx_word' id='word_1_39' title='bbox 271 818 362 880; x_wconf 88' lang='lat' dir='ltr'>Hine</span> <span class='ocrx_word' id='word_1_40' title='bbox 378 827 445 880; x_wconf 91' lang='lat' dir='ltr'>nota</span> <span class='ocrx_word' id='word_1_41' title='bbox 461 820 579 881; x_wconf 90' lang='lat' dir='ltr'>Baccho</span> <span class='ocrx_word' id='word_1_42' title='bbox 594 817 716 879; x_wconf 82' lang='lat' dir='ltr'>Tmolus</span> <span class='ocrx_word' id='word_1_43' title='bbox 731 815 837 878; x_wconf 85' lang='lat' dir='ltr'>attollit</span> <span class='ocrx_word' id='word_1_44' title='bbox 851 818 928 894; x_wconf 84' lang='lat' dir='ltr'>iuga,</span> 
     </span>
     <span class='ocr_line' id='line_1_8' title="bbox 227 903 846 982; baseline -0.008 -16"><span class='ocrx_word' id='word_1_45' title='bbox 227 923 284 982; x_wconf 93' lang='lat' dir='ltr'>qua</span> <span class='ocrx_word' id='word_1_46' title='bbox 300 903 357 964; x_wconf 91' lang='lat' dir='ltr'>lata</span> <span class='ocrx_word' id='word_1_47' title='bbox 374 906 462 965; x_wconf 89' lang='lat' dir='ltr'>terris</span> <span class='ocrx_word' id='word_1_48' title='bbox 476 904 566 982; x_wconf 91' lang='lat' dir='ltr'>spatia</span> <span class='ocrx_word' id='word_1_49' title='bbox 584 903 734 979; x_wconf 79' lang='lat' dir='ltr'><strong>frugiferis</strong></span> <span class='ocrx_word' id='word_1_50' title='bbox 749 904 846 962; x_wconf 85' lang='lat' dir='ltr'>iacent</span> 
     </span>
     <span class='ocr_line' id='line_1_9' title="bbox 227 986 860 1068; baseline -0.006 -19"><span class='ocrx_word' id='word_1_51' title='bbox 227 997 257 1049; x_wconf 91' lang='lat' dir='ltr'>et</span> <span class='ocrx_word' id='word_1_52' title='bbox 271 1007 327 1068; x_wconf 91' lang='lat' dir='ltr'>qua</span> <span class='ocrx_word' id='word_1_53' title='bbox 344 989 464 1050; x_wconf 89' lang='lat' dir='ltr'>trahens</span> <span class='ocrx_word' id='word_1_54' title='bbox 479 986 618 1066; x_wconf 88' lang='lat' dir='ltr'>opulenta</span> <span class='ocrx_word' id='word_1_55' title='bbox 633 986 770 1048; x_wconf 76' lang='lat' dir='ltr'>Pactolus</span> <span class='ocrx_word' id='word_1_56' title='bbox 786 986 860 1046; x_wconf 90' lang='lat' dir='ltr'>uada</span> 
     </span>
     <span class='ocr_line' id='line_1_10' title="bbox 226 1071 833 1133; baseline -0.005 0"><span class='ocrx_word' id='word_1_57' title='bbox 226 1073 351 1133; x_wconf 87' lang='lat' dir='ltr'>inundat</span> <span class='ocrx_word' id='word_1_58' title='bbox 365 1091 438 1133; x_wconf 91' lang='lat' dir='ltr'>auro</span> <span class='ocrx_word' id='word_1_59' title='bbox 455 1089 535 1132; x_wconf 91' lang='lat' dir='ltr'>rura.</span> <span class='ocrx_word' id='word_1_60' title='bbox 566 1089 623 1132; x_wconf 90' lang='lat' dir='ltr'>nec</span> <span class='ocrx_word' id='word_1_61' title='bbox 637 1071 721 1132; x_wconf 86' lang='lat' dir='ltr'>laetis</span> <span class='ocrx_word' id='word_1_62' title='bbox 735 1072 833 1131; x_wconf 87' lang='lat' dir='ltr'>minus</span> 
     </span>
     <span class='ocr_line' id='line_1_11' title="bbox 227 1155 858 1233; baseline -0.002 -16"><span class='ocrx_word' id='word_1_63' title='bbox 227 1157 402 1217; x_wconf 83' lang='lat' dir='ltr'>Maeandros</span> <span class='ocrx_word' id='word_1_64' title='bbox 417 1157 496 1216; x_wconf 85' lang='lat' dir='ltr'>aruis</span> <span class='ocrx_word' id='word_1_65' title='bbox 511 1155 602 1217; x_wconf 81' lang='lat' dir='ltr'>flectit</span> <span class='ocrx_word' id='word_1_66' title='bbox 617 1164 752 1216; x_wconf 82' lang='lat' dir='ltr'>errantes</span> <span class='ocrx_word' id='word_1_67' title='bbox 767 1173 858 1233; x_wconf 89' lang='lat' dir='ltr'>aquas</span> 
     </span>
     <span class='ocr_line' id='line_1_12' title="bbox 226 1240 918 1321; baseline -0.004 -19"><span class='ocrx_word' id='word_1_68' title='bbox 226 1242 407 1321; x_wconf 89' lang='lat' dir='ltr'>rapidusque</span> <span class='ocrx_word' id='word_1_69' title='bbox 422 1258 543 1319; x_wconf 87' lang='lat' dir='ltr'>campos</span> <span class='ocrx_word' id='word_1_70' title='bbox 558 1240 670 1302; x_wconf 80' lang='lat' dir='ltr'>fertiles</span> <span class='ocrx_word' id='word_1_71' title='bbox 685 1240 814 1301; x_wconf 87' lang='lat' dir='ltr'>Hermus</span> <span class='ocrx_word' id='word_1_72' title='bbox 828 1246 918 1300; x_wconf 82' lang='lat' dir='ltr'>secat</span> 
     </span>
    </p>

    <p class='ocr_par' dir='ltr' id='par_1_5' title="bbox 188 1323 980 1742">
     <span class='ocr_line' id='line_1_13' title="bbox 188 1323 980 1404; baseline 0 -20"><span class='ocrx_word' id='word_1_73' title='bbox 188 1327 215 1384; x_wconf 89' lang='lat' dir='ltr'>h&#39;</span> <span class='ocrx_word' id='word_1_74' title='bbox 270 1325 363 1385; x_wconf 91' lang='lat' dir='ltr'>Hinc</span> <span class='ocrx_word' id='word_1_75' title='bbox 378 1334 460 1404; x_wconf 84' lang='lat' dir='ltr'>grata</span> <span class='ocrx_word' id='word_1_76' title='bbox 478 1325 579 1386; x_wconf 87' lang='lat' dir='ltr'>Cereri</span> <span class='ocrx_word' id='word_1_77' title='bbox 595 1325 725 1402; x_wconf 82' lang='lat' dir='ltr'>Gargara</span> <span class='ocrx_word' id='word_1_78' title='bbox 744 1331 774 1383; x_wconf 90' lang='lat' dir='ltr'>et</span> <span class='ocrx_word' id='word_1_79' title='bbox 788 1325 872 1385; x_wconf 87' lang='lat' dir='ltr'>diues</span> <span class='ocrx_word' id='word_1_80' title='bbox 886 1323 980 1384; x_wconf 83' lang='lat' dir='ltr'>solum</span> 
     </span>
     <span class='ocr_line' id='line_1_14' title="bbox 227 1408 954 1489; baseline 0 -18"><span class='ocrx_word' id='word_1_81' title='bbox 227 1410 306 1489; x_wconf 93' lang='lat' dir='ltr'>quod</span> <span class='ocrx_word' id='word_1_82' title='bbox 321 1409 456 1471; x_wconf 77' lang='lat' dir='ltr'>Xanthus</span> <span class='ocrx_word' id='word_1_83' title='bbox 471 1408 563 1469; x_wconf 89' lang='lat' dir='ltr'>ambit</span> <span class='ocrx_word' id='word_1_84' title='bbox 578 1409 698 1470; x_wconf 90' lang='lat' dir='ltr'>niuibus</span> <span class='ocrx_word' id='word_1_85' title='bbox 712 1409 806 1470; x_wconf 85' lang='lat' dir='ltr'>idaeis</span> <span class='ocrx_word' id='word_1_86' title='bbox 821 1416 954 1478; x_wconf 89' lang='lat' dir='ltr'>tumens,</span> 
     </span>
     <span class='ocr_line' id='line_1_15' title="bbox 227 1492 840 1572; baseline -0.005 -18"><span class='ocrx_word' id='word_1_87' title='bbox 227 1495 296 1555; x_wconf 90' lang='lat' dir='ltr'>hinc</span> <span class='ocrx_word' id='word_1_88' title='bbox 311 1513 369 1572; x_wconf 91' lang='lat' dir='ltr'>qua</span> <span class='ocrx_word' id='word_1_89' title='bbox 385 1492 526 1572; x_wconf 88' lang='lat' dir='ltr'>relinquit</span> <span class='ocrx_word' id='word_1_90' title='bbox 541 1511 649 1554; x_wconf 83' lang='lat' dir='ltr'>nornen</span> <span class='ocrx_word' id='word_1_91' title='bbox 665 1494 733 1553; x_wconf 89' lang='lat' dir='ltr'>ionii</span> <span class='ocrx_word' id='word_1_92' title='bbox 750 1495 840 1554; x_wconf 90' lang='lat' dir='ltr'>maris</span> 
     </span>
     <span class='ocr_line' id='line_1_16' title="bbox 227 1577 901 1658; baseline 0 -20"><span class='ocrx_word' id='word_1_93' title='bbox 227 1579 386 1658; x_wconf 81' lang='lat' dir='ltr'>faucesque</span> <span class='ocrx_word' id='word_1_94' title='bbox 400 1577 502 1657; x_wconf 77' lang='lat' dir='ltr'>Abydo</span> <span class='ocrx_word' id='word_1_95' title='bbox 519 1577 621 1638; x_wconf 90' lang='lat' dir='ltr'>Sestos</span> <span class='ocrx_word' id='word_1_96' title='bbox 635 1578 769 1657; x_wconf 90' lang='lat' dir='ltr'>opposita</span> <span class='ocrx_word' id='word_1_97' title='bbox 785 1579 901 1655; x_wconf 83' lang='lat' dir='ltr'>premit,</span> 
     </span>
     <span class='ocr_line' id='line_1_17' title="bbox 227 1656 888 1742; baseline -0.005 -19"><span class='ocrx_word' id='word_1_98' title='bbox 227 1671 278 1723; x_wconf 89' lang='lat' dir='ltr'>aut</span> <span class='ocrx_word' id='word_1_99' title='bbox 292 1681 368 1742; x_wconf 88' lang='lat' dir='ltr'>quae</span> <span class='ocrx_word' id='word_1_100' title='bbox 382 1662 459 1723; x_wconf 87' lang='lat' dir='ltr'>latus</span> <span class='ocrx_word' id='word_1_101' title='bbox 473 1663 530 1723; x_wconf 90' lang='lat' dir='ltr'>iam</span> <span class='ocrx_word' id='word_1_102' title='bbox 546 1665 669 1742; x_wconf 86' lang='lat' dir='ltr'>propior</span> <span class='ocrx_word' id='word_1_103' title='bbox 684 1656 792 1723; x_wconf 82' lang='lat' dir='ltr'>orienti</span> <span class='ocrx_word' id='word_1_104' title='bbox 808 1662 888 1723; x_wconf 89' lang='lat' dir='ltr'>dedit</span> 
     </span>
    </p>

    <p class='ocr_par' dir='ltr' id='par_1_6' title="bbox 102 1746 902 1826">
     <span class='ocr_line' id='line_1_18' title="bbox 102 1746 902 1826; baseline -0.001 -19"><span class='ocrx_word' id='word_1_105' title='bbox 102 1816 108 1825; x_wconf 47' lang='grc'>,</span> <span class='ocrx_word' id='word_1_106' title='bbox 228 1755 379 1826; x_wconf 89' lang='lat' dir='ltr'>tutamque</span> <span class='ocrx_word' id='word_1_107' title='bbox 395 1746 509 1808; x_wconf 86' lang='lat' dir='ltr'>crebris</span> <span class='ocrx_word' id='word_1_108' title='bbox 523 1747 659 1826; x_wconf 86' lang='lat' dir='ltr'>portibus</span> <span class='ocrx_word' id='word_1_109' title='bbox 675 1747 791 1826; x_wconf 80' lang='lat' dir='ltr'>Lyciam</span> <span class='ocrx_word' id='word_1_110' title='bbox 807 1746 902 1807; x_wconf 91' lang='lat' dir='ltr'>uidet:</span> 
     </span>
    </p>

    <p class='ocr_par' dir='ltr' id='par_1_7' title="bbox 191 1828 1049 2415">
     <span class='ocr_line' id='line_1_19' title="bbox 191 1828 1049 1912; baseline -0.005 -18"><span class='ocrx_word' id='word_1_111' title='bbox 191 1844 215 1894; x_wconf 76' lang='lat'>1⁰</span> <span class='ocrx_word' id='word_1_112' title='bbox 282 1831 362 1893; x_wconf 91' lang='lat' dir='ltr'>Haec</span> <span class='ocrx_word' id='word_1_113' title='bbox 377 1848 467 1908; x_wconf 83' lang='lat' dir='ltr'>regna</span> <span class='ocrx_word' id='word_1_114' title='bbox 484 1831 564 1892; x_wconf 81' lang='lat' dir='ltr'>ferro</span> <span class='ocrx_word' id='word_1_115' title='bbox 580 1837 699 1912; x_wconf 83' lang='lat' dir='ltr'>quaere,</span> <span class='ocrx_word' id='word_1_116' title='bbox 715 1833 746 1890; x_wconf 93' lang='lat' dir='ltr'>in</span> <span class='ocrx_word' id='word_1_117' title='bbox 763 1830 817 1891; x_wconf 84' lang='lat' dir='ltr'>hos</span> <span class='ocrx_word' id='word_1_118' title='bbox 833 1828 958 1909; x_wconf 88' lang='lat' dir='ltr'>populos</span> <span class='ocrx_word' id='word_1_119' title='bbox 972 1830 1049 1892; x_wconf 81' lang='lat' dir='ltr'>serat</span> 
     </span>
     <span class='ocr_line' id='line_1_20' title="bbox 226 1915 887 1995; baseline -0.002 -20"><span class='ocrx_word' id='word_1_120' title='bbox 226 1934 312 1977; x_wconf 85' lang='lat' dir='ltr'>socer</span> <span class='ocrx_word' id='word_1_121' title='bbox 327 1934 409 1977; x_wconf 88' lang='lat' dir='ltr'>arma</span> <span class='ocrx_word' id='word_1_122' title='bbox 424 1916 518 1987; x_wconf 82' lang='lat' dir='ltr'>fortis,</span> <span class='ocrx_word' id='word_1_123' title='bbox 535 1915 589 1976; x_wconf 87' lang='lat' dir='ltr'>has</span> <span class='ocrx_word' id='word_1_124' title='bbox 604 1924 654 1977; x_wconf 93' lang='lat' dir='ltr'>tuo</span> <span class='ocrx_word' id='word_1_125' title='bbox 669 1923 787 1995; x_wconf 85' lang='lat' dir='ltr'>sceptro</span> <span class='ocrx_word' id='word_1_126' title='bbox 802 1923 887 1993; x_wconf 90' lang='lat' dir='ltr'>paret</span> 
     </span>
     <span class='ocr_line' id='line_1_21' title="bbox 227 1999 937 2078; baseline 0 -18"><span class='ocrx_word' id='word_1_127' title='bbox 227 1999 381 2078; x_wconf 85' lang='lat' dir='ltr'>tradatque</span> <span class='ocrx_word' id='word_1_128' title='bbox 397 2007 510 2078; x_wconf 79' lang='lat' dir='ltr'>gentes.</span> <span class='ocrx_word' id='word_1_129' title='bbox 541 2001 599 2062; x_wconf 91' lang='lat' dir='ltr'>hoc</span> <span class='ocrx_word' id='word_1_130' title='bbox 614 2001 710 2061; x_wconf 91' lang='lat' dir='ltr'>adhuc</span> <span class='ocrx_word' id='word_1_131' title='bbox 725 2017 850 2078; x_wconf 84' lang='lat' dir='ltr'>regnum</span> <span class='ocrx_word' id='word_1_132' title='bbox 867 2007 937 2077; x_wconf 88' lang='lat' dir='ltr'>puta</span> 
     </span>
     <span class='ocr_line' id='line_1_22' title="bbox 227 2083 870 2164; baseline -0.002 -20"><span class='ocrx_word' id='word_1_133' title='bbox 227 2092 329 2146; x_wconf 90' lang='lat' dir='ltr'>tenere</span> <span class='ocrx_word' id='word_1_134' title='bbox 344 2094 468 2164; x_wconf 88' lang='lat' dir='ltr'>patrem.</span> <span class='ocrx_word' id='word_1_135' title='bbox 499 2083 604 2146; x_wconf 85' lang='lat' dir='ltr'>melius</span> <span class='ocrx_word' id='word_1_136' title='bbox 621 2083 740 2145; x_wconf 83' lang='lat' dir='ltr'>exilium</span> <span class='ocrx_word' id='word_1_137' title='bbox 757 2083 870 2145; x_wconf 85' lang='lat' dir='ltr'>esttibi</span> 
     </span>
     <span class='ocr_line' id='line_1_23' title="bbox 226 2167 902 2250; baseline -0.004 -19"><span class='ocrx_word' id='word_1_138' title='bbox 226 2188 313 2250; x_wconf 84' lang='lat' dir='ltr'>quarn</span> <span class='ocrx_word' id='word_1_139' title='bbox 329 2169 442 2230; x_wconf 86' lang='lat' dir='ltr'>reditus</span> <span class='ocrx_word' id='word_1_140' title='bbox 457 2171 525 2230; x_wconf 87' lang='lat' dir='ltr'>iste:</span> <span class='ocrx_word' id='word_1_141' title='bbox 542 2170 666 2230; x_wconf 87' lang='lat' dir='ltr'>crimine</span> <span class='ocrx_word' id='word_1_142' title='bbox 682 2169 777 2229; x_wconf 82' lang='lat' dir='ltr'>alieno</span> <span class='ocrx_word' id='word_1_143' title='bbox 794 2167 902 2239; x_wconf 83' lang='lat' dir='ltr'>exules,</span> 
     </span>
     <span class='ocr_line' id='line_1_24' title="bbox 226 2253 758 2319; baseline 0.002 -6"><span class='ocrx_word' id='word_1_144' title='bbox 226 2261 278 2315; x_wconf 92' lang='lat' dir='ltr'>tuo</span> <span class='ocrx_word' id='word_1_145' title='bbox 294 2253 414 2315; x_wconf 86' lang='lat' dir='ltr'>redibis.</span> <span class='ocrx_word' id='word_1_146' title='bbox 445 2253 552 2319; x_wconf 88' lang='lat' dir='ltr'>melius</span> <span class='ocrx_word' id='word_1_147' title='bbox 566 2255 630 2314; x_wconf 87' lang='lat' dir='ltr'>istis</span> <span class='ocrx_word' id='word_1_148' title='bbox 643 2254 758 2314; x_wconf 82' lang='lat' dir='ltr'>uiribus</span> 
     </span>
     <span class='ocr_line' id='line_1_25' title="bbox 226 2337 944 2415; baseline -0.001 -16"><span class='ocrx_word' id='word_1_149' title='bbox 226 2357 303 2400; x_wconf 90' lang='lat' dir='ltr'>noua</span> <span class='ocrx_word' id='word_1_150' title='bbox 319 2354 411 2415; x_wconf 80' lang='lat' dir='ltr'>regna</span> <span class='ocrx_word' id='word_1_151' title='bbox 428 2337 508 2399; x_wconf 85' lang='lat' dir='ltr'>nulio</span> <span class='ocrx_word' id='word_1_152' title='bbox 523 2338 637 2400; x_wconf 89' lang='lat' dir='ltr'>scelere</span> <span class='ocrx_word' id='word_1_153' title='bbox 653 2338 797 2399; x_wconf 85' lang='lat' dir='ltr'>maculata</span> <span class='ocrx_word' id='word_1_154' title='bbox 812 2344 944 2415; x_wconf 88' lang='lat' dir='ltr'>appetes.</span> 
     </span>
    </p>

    <p class='ocr_par' dir='ltr' id='par_1_8' title="bbox 195 2422 1242 2924">
     <span class='ocr_line' id='line_1_26' title="bbox 195 2422 864 2502; baseline -0.012 -14"><span class='ocrx_word' id='word_1_155' title='bbox 195 2437 214 2488; x_wconf 93' lang='lat' dir='ltr'>h</span> <span class='ocrx_word' id='word_1_156' title='bbox 269 2422 345 2493; x_wconf 83' lang='lat' dir='ltr'>Quin</span> <span class='ocrx_word' id='word_1_157' title='bbox 362 2424 424 2502; x_wconf 89' lang='lat' dir='ltr'>ipse</span> <span class='ocrx_word' id='word_1_158' title='bbox 439 2424 531 2484; x_wconf 84' lang='lat' dir='ltr'>irater</span> <span class='ocrx_word' id='word_1_159' title='bbox 546 2439 628 2484; x_wconf 86' lang='lat' dir='ltr'>arma</span> <span class='ocrx_word' id='word_1_160' title='bbox 645 2424 801 2483; x_wconf 89' lang='lat' dir='ltr'>comitatus</span> <span class='ocrx_word' id='word_1_161' title='bbox 814 2428 864 2482; x_wconf 91' lang='lat' dir='ltr'>tua</span> 
     </span>
     <span class='ocr_line' id='line_1_27' title="bbox 226 2506 1211 2585; baseline 0 -18"><span class='ocrx_word' id='word_1_162' title='bbox 226 2508 278 2568; x_wconf 87' lang='lat' dir='ltr'>tibi</span> <span class='ocrx_word' id='word_1_163' title='bbox 294 2508 441 2569; x_wconf 87' lang='lat' dir='ltr'>militabit.</span> <span class='ocrx_word' id='word_1_164' title='bbox 471 2507 547 2569; x_wconf 90' lang='lat' dir='ltr'>uade</span> <span class='ocrx_word' id='word_1_165' title='bbox 563 2515 591 2568; x_wconf 91' lang='lat' dir='ltr'>et</span> <span class='ocrx_word' id='word_1_166' title='bbox 605 2507 634 2566; x_wconf 92' lang='lat' dir='ltr'>id</span> <span class='ocrx_word' id='word_1_167' title='bbox 651 2506 761 2568; x_wconf 86' lang='lat' dir='ltr'>bellurn</span> <span class='ocrx_word' id='word_1_168' title='bbox 777 2524 848 2585; x_wconf 81' lang='lat' dir='ltr'>gere</span> <span class='ocrx_word' id='word_1_169' title='bbox 1163 2518 1211 2567; x_wconf 73' lang='lat'>260</span> 
     </span>
     <span class='ocr_line' id='line_1_28' title="bbox 225 2590 822 2670; baseline -0.005 -17"><span class='ocrx_word' id='word_1_170' title='bbox 225 2594 255 2653; x_wconf 93' lang='lat' dir='ltr'>in</span> <span class='ocrx_word' id='word_1_171' title='bbox 271 2610 330 2670; x_wconf 91' lang='lat' dir='ltr'>quo</span> <span class='ocrx_word' id='word_1_172' title='bbox 345 2600 429 2669; x_wconf 90' lang='lat' dir='ltr'>pater</span> <span class='ocrx_word' id='word_1_173' title='bbox 444 2600 597 2670; x_wconf 85' lang='lat' dir='ltr'>materque</span> <span class='ocrx_word' id='word_1_174' title='bbox 613 2594 755 2670; x_wconf 78' lang='lat' dir='ltr'>pugnanti</span> <span class='ocrx_word' id='word_1_175' title='bbox 770 2590 822 2651; x_wconf 89' lang='lat' dir='ltr'>tibi</span> 
     </span>
     <span class='ocr_line' id='line_1_29' title="bbox 226 2673 953 2754; baseline -0.001 -18"><span class='ocrx_word' id='word_1_176' title='bbox 226 2676 328 2736; x_wconf 82' lang='lat' dir='ltr'>fauere</span> <span class='ocrx_word' id='word_1_177' title='bbox 344 2678 466 2754; x_wconf 87' lang='lat' dir='ltr'>possint.</span> <span class='ocrx_word' id='word_1_178' title='bbox 496 2695 587 2754; x_wconf 81' lang='lat' dir='ltr'>regna</span> <span class='ocrx_word' id='word_1_179' title='bbox 603 2694 671 2736; x_wconf 87' lang='lat' dir='ltr'>curn</span> <span class='ocrx_word' id='word_1_180' title='bbox 687 2674 800 2736; x_wconf 87' lang='lat' dir='ltr'>scelere</span> <span class='ocrx_word' id='word_1_181' title='bbox 815 2673 953 2736; x_wconf 85' lang='lat' dir='ltr'>omnibus</span> 
     </span>
     <span class='ocr_line' id='line_1_30' title="bbox 225 2758 1242 2838; baseline -0.004 -16"><span class='ocrx_word' id='word_1_182' title='bbox 225 2767 295 2822; x_wconf 91' lang='lat' dir='ltr'>sunt</span> <span class='ocrx_word' id='word_1_183' title='bbox 310 2758 394 2820; x_wconf 87' lang='lat' dir='ltr'>exilis</span> <span class='ocrx_word' id='word_1_184' title='bbox 408 2762 556 2838; x_wconf 79' lang='lat' dir='ltr'>grauiora.</span> <span class='ocrx_word' id='word_1_185' title='bbox 587 2758 841 2821; x_wconf 85' lang='lat' dir='ltr'>nuncbellimala</span> <span class='ocrx_word' id='word_1_186' title='bbox 1193 2772 1242 2819; x_wconf 75' lang='lat'>02⁵</span> 
     </span>
     <span class='ocr_line' id='line_1_31' title="bbox 225 2843 823 2924; baseline 0.002 -20"><span class='ocrx_word' id='word_1_187' title='bbox 225 2861 360 2924; x_wconf 84' lang='lat' dir='ltr'>propone</span> <span class='ocrx_word' id='word_1_188' title='bbox 375 2843 478 2904; x_wconf 87' lang='lat' dir='ltr'>dubias</span> <span class='ocrx_word' id='word_1_189' title='bbox 493 2845 596 2903; x_wconf 88' lang='lat' dir='ltr'>martis</span> <span class='ocrx_word' id='word_1_190' title='bbox 610 2846 716 2905; x_wconf 90' lang='lat' dir='ltr'>incerti</span> <span class='ocrx_word' id='word_1_191' title='bbox 732 2846 823 2905; x_wconf 89' lang='lat' dir='ltr'>uices.</span> 
     </span>
    </p>

    <p class='ocr_par' dir='ltr' id='par_1_9' title="bbox 185 2928 1211 3091">
     <span class='ocr_line' id='line_1_32' title="bbox 185 2928 1211 2990; baseline -0.001 0"><span class='ocrx_word' id='word_1_192' title='bbox 185 2931 212 2990; x_wconf 84' lang='lat' dir='ltr'>h&#39;</span> <span class='ocrx_word' id='word_1_193' title='bbox 268 2928 351 2989; x_wconf 86' lang='lat' dir='ltr'>Licet</span> <span class='ocrx_word' id='word_1_194' title='bbox 365 2945 453 2989; x_wconf 89' lang='lat' dir='ltr'>omne</span> <span class='ocrx_word' id='word_1_195' title='bbox 468 2935 566 2988; x_wconf 90' lang='lat' dir='ltr'>tecum</span> <span class='ocrx_word' id='word_1_196' title='bbox 583 2928 724 2990; x_wconf 84' lang='lat' dir='ltr'>Graeciae</span> <span class='ocrx_word' id='word_1_197' title='bbox 738 2928 832 2989; x_wconf 90' lang='lat' dir='ltr'>robur</span> <span class='ocrx_word' id='word_1_198' title='bbox 847 2929 948 2989; x_wconf 83' lang='lat' dir='ltr'>trahas</span> <span class='ocrx_word' id='word_1_199' title='bbox 1161 2940 1211 2989; x_wconf 74' lang='lat' dir='ltr'>con</span> 
     </span>
     <span class='ocr_line' id='line_1_33' title="bbox 226 3010 859 3091; baseline -0.002 -18"><span class='ocrx_word' id='word_1_200' title='bbox 226 3013 294 3073; x_wconf 87' lang='lat' dir='ltr'>licet</span> <span class='ocrx_word' id='word_1_201' title='bbox 309 3030 389 3072; x_wconf 88' lang='lat' dir='ltr'>anna</span> <span class='ocrx_word' id='word_1_202' title='bbox 407 3010 494 3090; x_wconf 83' lang='lat' dir='ltr'>longe</span> <span class='ocrx_word' id='word_1_203' title='bbox 510 3012 594 3072; x_wconf 84' lang='lat' dir='ltr'>mites</span> <span class='ocrx_word' id='word_1_204' title='bbox 609 3031 644 3073; x_wconf 90' lang='lat' dir='ltr'>ac</span> <span class='ocrx_word' id='word_1_205' title='bbox 659 3013 717 3074; x_wconf 87' lang='lat' dir='ltr'>late</span> <span class='ocrx_word' id='word_1_206' title='bbox 733 3011 859 3091; x_wconf 81' lang='lat' dir='ltr'>explicet</span> 
     </span>
    </p>
   </div>
   <div class='ocr_carea' id='block_1_3' title="bbox 173 3260 1143 3603">
    <p class='ocr_par' dir='ltr' id='par_1_10' title="bbox 224 3260 1143 3468">
     <span class='ocr_line' id='line_1_34' title="bbox 292 3260 1141 3333; baseline -0.001 -16"><span class='ocrx_word' id='word_1_207' title='bbox 292 3267 342 3317; x_wconf 79' lang='lat'>240</span> <span class='ocrx_word' id='word_1_208' title='bbox 359 3270 421 3315; x_wconf 78' lang='lat' dir='ltr'>tote</span> <span class='ocrx_word' id='word_1_209' title='bbox 438 3265 463 3315; x_wconf 81' lang='grc' dir='ltr'><em>Ε</em></span> <span class='ocrx_word' id='word_1_210' title='bbox 486 3262 498 3333; x_wconf 84' lang='grc' dir='ltr'>ΙΙ</span> <span class='ocrx_word' id='word_1_211' title='bbox 519 3268 570 3317; x_wconf 78' lang='grc'>245</span> <span class='ocrx_word' id='word_1_212' title='bbox 588 3265 690 3316; x_wconf 82' lang='lat' dir='ltr'>hebrus</span> <span class='ocrx_word' id='word_1_213' title='bbox 708 3283 729 3317; x_wconf 89' lang='grc' dir='ltr'><strong><em>ω</em></strong></span> <span class='ocrx_word' id='word_1_214' title='bbox 747 3281 816 3317; x_wconf 70' lang='lat' dir='ltr'>coir.</span> <span class='ocrx_word' id='word_1_215' title='bbox 836 3265 914 3317; x_wconf 79' lang='lat' dir='ltr'>Groo.</span> <span class='ocrx_word' id='word_1_216' title='bbox 938 3260 951 3332; x_wconf 81' lang='grc' dir='ltr'>Η</span> <span class='ocrx_word' id='word_1_217' title='bbox 973 3267 1023 3317; x_wconf 78' lang='grc'>249</span> <span class='ocrx_word' id='word_1_218' title='bbox 1041 3266 1141 3317; x_wconf 75' lang='lat' dir='ltr'>fauces</span> 
     </span>
     <span class='ocr_line' id='line_1_35' title="bbox 225 3331 1141 3399; baseline -0.001 -14"><span class='ocrx_word' id='word_1_219' title='bbox 225 3333 309 3398; x_wconf 65' lang='lat' dir='ltr'>abydi</span> <span class='ocrx_word' id='word_1_220' title='bbox 328 3331 444 3398; x_wconf 73' lang='lat' dir='ltr'>(abydos</span> <span class='ocrx_word' id='word_1_221' title='bbox 461 3336 496 3397; x_wconf 79' lang='grc' dir='ltr'>ψ)</span> <span class='ocrx_word' id='word_1_222' title='bbox 519 3338 608 3384; x_wconf 75' lang='lat' dir='ltr'>sectos</span> <span class='ocrx_word' id='word_1_223' title='bbox 631 3335 776 3399; x_wconf 81' lang='lat' dir='ltr'>oppositae</span> <span class='ocrx_word' id='word_1_224' title='bbox 794 3334 820 3385; x_wconf 85' lang='grc' dir='ltr'><em>Α</em></span> <span class='ocrx_word' id='word_1_225' title='bbox 855 3333 1009 3398; x_wconf 80' lang='lat' dir='ltr'>faucesque</span> <span class='ocrx_word' id='word_1_226' title='bbox 1035 3332 1141 3396; x_wconf 75' lang='lat' dir='ltr'>abydos</span> 
     </span>
     <span class='ocr_line' id='line_1_36' title="bbox 224 3397 1143 3468; baseline -0.002 -15"><span class='ocrx_word' id='word_1_227' title='bbox 224 3407 299 3454; x_wconf 82' lang='lat' dir='ltr'>catos</span> <span class='ocrx_word' id='word_1_228' title='bbox 324 3400 451 3468; x_wconf 82' lang='lat' dir='ltr'>opposite</span> <span class='ocrx_word' id='word_1_229' title='bbox 468 3401 494 3451; x_wconf 83' lang='lat' dir='ltr'><em>E</em></span> <span class='ocrx_word' id='word_1_230' title='bbox 530 3397 542 3467; x_wconf 85' lang='lat' dir='ltr'>{l</span> <span class='ocrx_word' id='word_1_231' title='bbox 577 3403 628 3453; x_wconf 78' lang='grc'>260</span> <span class='ocrx_word' id='word_1_232' title='bbox 654 3416 711 3466; x_wconf 83' lang='lat' dir='ltr'>qua</span> <span class='ocrx_word' id='word_1_233' title='bbox 728 3418 750 3453; x_wconf 88' lang='grc' dir='ltr'><strong><em>ω</em></strong></span> <span class='ocrx_word' id='word_1_234' title='bbox 779 3415 852 3465; x_wconf 79' lang='lat' dir='ltr'>quoe</span> <span class='ocrx_word' id='word_1_235' title='bbox 869 3401 935 3454; x_wconf 62' lang='lat' dir='ltr'>itit</span> <span class='ocrx_word' id='word_1_236' title='bbox 953 3397 1021 3466; x_wconf 77' lang='lat' dir='ltr'>(ccii.</span> <span class='ocrx_word' id='word_1_237' title='bbox 1037 3400 1143 3451; x_wconf 73' lang='lat' dir='ltr'>Rhodes</span> 
     </span>
    </p>

    <p class='ocr_par' dir='ltr' id='par_1_11' title="bbox 173 3463 1141 3603">
     <span class='ocr_line' id='line_1_37' title="bbox 173 3463 1131 3536; baseline 0.002 -17"><span class='ocrx_word' id='word_1_238' title='bbox 173 3506 175 3513; x_wconf 84' lang='grc'>.</span> <span class='ocrx_word' id='word_1_239' title='bbox 223 3469 282 3533; x_wconf 79' lang='lat' dir='ltr'>ina.)</span> <span class='ocrx_word' id='word_1_240' title='bbox 312 3466 324 3536; x_wconf 81' lang='grc' dir='ltr'>ΙΙ</span> <span class='ocrx_word' id='word_1_241' title='bbox 352 3468 463 3535; x_wconf 86' lang='lat' dir='ltr'>propius</span> <span class='ocrx_word' id='word_1_242' title='bbox 481 3469 606 3521; x_wconf 70' lang='lat' dir='ltr'>eidron.</span> <span class='ocrx_word' id='word_1_243' title='bbox 634 3464 646 3535; x_wconf 83' lang='grc' dir='ltr'>ΙΙ</span> <span class='ocrx_word' id='word_1_244' title='bbox 674 3471 725 3521; x_wconf 74' lang='grc'>252</span> <span class='ocrx_word' id='word_1_245' title='bbox 743 3468 798 3519; x_wconf 91' lang='lat' dir='ltr'>hic</span> <span class='ocrx_word' id='word_1_246' title='bbox 816 3471 849 3519; x_wconf 82' lang='lat' dir='ltr'>ei.</span> <span class='ocrx_word' id='word_1_247' title='bbox 864 3467 943 3522; x_wconf 81' lang='lat' dir='ltr'>Gron.</span> <span class='ocrx_word' id='word_1_248' title='bbox 964 3467 1027 3519; x_wconf 83' lang='lat' dir='ltr'>hec</span> <span class='ocrx_word' id='word_1_249' title='bbox 1044 3467 1096 3521; x_wconf 80' lang='lat' dir='ltr'>Bo.</span> <span class='ocrx_word' id='word_1_250' title='bbox 1119 3463 1131 3534; x_wconf 91' lang='grc' dir='ltr'>ΙΙ</span> 
     </span>
     <span class='ocr_line' id='line_1_38' title="bbox 223 3532 1141 3603; baseline 0 -18"><span class='ocrx_word' id='word_1_251' title='bbox 223 3538 585 3602; x_wconf 77' lang='lat' dir='ltr'>254peretsceptrotqu</span> <span class='ocrx_word' id='word_1_252' title='bbox 603 3536 781 3603; x_wconf 80' lang='lat' dir='ltr'>tuosc.p.E</span> <span class='ocrx_word' id='word_1_253' title='bbox 797 3532 810 3603; x_wconf 82' lang='grc' dir='ltr'>ΙΙ</span> <span class='ocrx_word' id='word_1_254' title='bbox 830 3536 995 3588; x_wconf 66' lang='lat' dir='ltr'>coium</span> <span class='ocrx_word' id='word_1_255' title='bbox 1014 3532 1141 3599; x_wconf 76' lang='lat' dir='ltr'>istisEi!</span> 
     </span>
    </p>
   </div>
   <div class='ocr_carea' id='block_1_4' title="bbox 0 0 1276 4040">
    <p class='ocr_par' dir='ltr' id='par_1_12' title="bbox 0 0 1276 4040">
     <span class='ocr_line' id='line_1_39' title="bbox 0 0 1276 4040; baseline 0 3"><span class='ocrx_word' id='word_1_256' title='bbox 0 0 1276 4040; x_wconf 95' lang='lat' dir='ltr'> </span> 
     </span>
    </p>
   </div>
  </div>
 </body>
</html>
