2536 4046
234 299 313 348 xxu
601 284 808 355 ‚Pnnnrnuro

235 459 323 516 tanais
338 457 398 530 (ora
408 457 477 513 trais
489 454 582 527 aaa),
599 455 645 511 uhi
660 455 761 512 dudum
776 456 935 511 restitutum
951 464 995 511 est
1011 455 1195 521 ‘Britannis’‚

234 562 260 600 u.
278 542 318 600 43
334 543 418 599 tantis
434 540 462 613 (i.
479 559 502 598 e.
519 548 547 596 et
560 538 634 611 aute)
664 537 704 598 88
726 541 833 613 spernit
853 539 989 613 superbos
1009 538 1194 615 humilesque

237 627 370 700 (superos
391 625 587 698 hominesque)
619 624 678 681 139
700 624 780 680 undis
801 622 927 695 (umbris)
959 622 1020 680 254
1041 641 1109 681 nero
1131 628 1195 682 nisi

236 712 291 768 duo
306 714 355 768 uel
369 711 478 767 iusiduo
494 709 574 781 (Nero
590 707 734 779 insitiuoi)
753 708 812 765 297
829 708 971 783 prodimus
987 724 1039 764 euo
1054 710 1103 765 uel
1116 725 1194 767 seuo

238 796 296 870 (pr.
320 794 406 866 eheu)
436 794 498 852 423
520 793 616 850 lacuna
647 792 706 851 501
730 793 821 867 specie
843 810 919 849 sacra
939 791 1029 865 (sauro
1050 793 1194 867 auspicio)

239 881 257 938 7
260 879 301 936 44
317 880 450 954 pristinus
465 878 625 953 (crispinus)
656 878 736 936 1001
754 877 862 933 tandem
878 877 972 951 pharia
988 876 1195 953 (Pandatariae)

222 965 320 1027 ,1009
342 980 497 1020 maurorum
521 961 704 1035 (Taurorum)
725 971 777 1018 etc.
812 962 851 1018 hd
873 960 1010 1035 exemplar
1030 978 1096 1019 uero
1118 963 1195 1021 illud

237 1051 356 1105 anticum
378 1066 393 1105 e
413 1047 517 1104 nostris
538 1046 617 1103 lihris
638 1048 760 1120 proxime
781 1047 891 1103 uidetur
911 1046 1040 1103 accedere
1060 1048 1195 1104 liehdi·

238 1150 388 1206 geranus
410 1151 436 1188 n.
455 1132 493 1189 13
510 1130 548 1204 (R
557 1130 602 1203 13)
623 1130 749 1205 pessimis
769 1130 816 1188 illa
832 1133 940 1204 quidem
963 1131 1088 1187 foedatus
1109 1133 1193 1188 uitiis

239 1226 267 1273 et
287 1218 320 1273 ab
341 1219 451 1274 homine
473 1217 595 1291 scriptus
616 1226 644 1272 et
664 1216 861 1289 inperitissimo
886 1223 914 1272 et
934 1216 1192 1289 neglegentissimo,

239 1301 302 1364 sed,
328 1302 356 1358 id
372 1302 445 1375 quod
461 1302 569 1357 marinii
590 1302 680 1357 estin
704 1302 756 1358 hoc
777 1317 878 1374 genere
894 1300 1040 1363 crementi,
1063 1301 1191 1357 mutandi

238 1386 350 1443 libidine
371 1394 399 1443 et
414 1386 545 1444 uitiorum
561 1386 773 1443 occulendorum
788 1385 905 1442 consilio
920 1401 1036 1458 prorsus
1057 1385 1191 1442 intactus.

237 1471 266 1527 ld
287 1480 396 1544 praeter
423 1472 476 1528 alia
496 1480 589 1545 aperte
611 1470 731 1526 ostendit
756 1471 834 1526 locus
862 1468 1054 1525 uexatissimus
1076 1472 1125 1543 qui
1146 1478 1192 1525 est

238 1554 301 1610 422
318 1572 380 1628 sqq.
396 1555 441 1611 ubi
458 1571 552 1611 omnes
567 1555 651 1610 ceteri
666 1554 730 1609 lihri
747 1553 787 1609 sic
802 1554 916 1610 habent:

394 1685 540 1734 extrahere
553 1685 644 1748 pisces
657 1688 716 1733 rete
729 1684 774 1733 uel
788 1683 895 1734 calamo
907 1684 964 1734 leui

393 1752 520 1817 decipere
533 1751 660 1803 uolucres
674 1757 751 1801 erate
763 1752 810 1800 uel
825 1751 932 1801 calamo
946 1750 1063 1802 autleni

392 1826 488 1869 tenere
500 1818 602 1882 laqueo
614 1834 738 1883 premere
750 1820 891 1869 subiectos
904 1820 969 1884 iugo

393 1893 489 1937 tauros
502 1886 610 1937 feroces
624 1902 647 1939 e.
662 1902 687 1952 q.
701 1901 722 1937 s.

244 2027 325 2083 quem
347 2010 436 2066 locum
458 2012 495 2065 ita
516 2009 625 2065 residui
640 2026 724 2083 posse
738 2006 872 2083 putahant
892 2008 1025 2070 editores,
1052 2017 1082 2064 nt
1103 2008 1192 2065 uerba

240 2094 298 2151 ‘uel
310 2093 414 2151 calamo
426 2093 538 2149 autleni
551 2101 644 2149 tenere
655 2093 775 2168 laqueo',
789 2102 818 2149 nt
830 2110 899 2166 qnae
913 2103 940 2148 et
952 2092 1021 2148 male
1032 2094 1151 2167 repetita
1162 2101 1192 2148 et

240 2178 346 2235 insulso
359 2178 540 2235 additamento
554 2187 631 2234 aucta
643 2186 746 2239 essent,
763 2178 871 2234 exulare
883 2174 1018 2233 iuberent.
1041 2177 1094 2233 Sed
1107 2176 1193 2233 aliam

241 2262 313 2318 uiam
328 2263 532 2338 ingrediendam
548 2279 610 2319 esse
626 2262 705 2318 docet
720 2262 791 2317 1313
807 2278 903 2317 uersus
918 2261 958 2318 sic
973 2260 1118 2317 exhibens:

395 2396 541 2446 extrahere
552 2395 645 2460 places
657 2398 717 2444 rete
729 2392 776 2443 uel
789 2392 896 2443 calamo
908 2391 966 2441 leui

394 2464 523 2528 decipere
534 2463 664 2514 uolucres
676 2465 752 2511 crete

395 2537 491 2581 tenere
502 2531 612 2596 laqueo.
635 2544 760 2594 premere
773 2544 796 2578 e.
811 2543 836 2592 q.
850 2543 871 2580 a.

242 2651 308 2707 Cum
331 2667 398 2707 uero
419 2668 465 2708 res
485 2651 593 2726 llagitet
613 2660 645 2707 ut
665 2648 787 2723 piscihus
809 2659 836 2705 et
858 2648 956 2706 auibus
977 2651 1189 2706 conmemoratio

241 2733 385 2791 beluarum
407 2751 518 2809 quoque
537 2736 640 2791 mentio
666 2733 712 2790 fiat
737 2764 772 2775 -
795 2734 828 2790 ad
849 2751 918 2808 quas
940 2732 1066 2790 ‘crates’
1092 2741 1190 2807 aperte

243 2827 368 2893 speciant
393 2848 429 2860 -
446 2819 518 2877 libro
534 2820 573 2876 illi
590 2820 637 2895 qui
652 2818 854 2876 hemistichium
868 2818 1042 2875 intercidisse
1057 2818 1190 2880 ostendit,

244 2905 310 2978 quin
326 2903 393 2960 tides
408 2904 445 2960 sit
459 2893 581 2961 habenda
596 2920 651 2961 non
666 2903 831 2961 dubitamus.
869 2902 983 2959 Versum
999 2900 1190 2976 suppleuimus

244 3006 278 3046 en
291 2988 355 3045 llor.
372 3006 415 3062 ep.
427 2987 497 3047 1145
514 2988 551 3060 (u.
563 2990 624 3046 adn.
635 2989 668 3046 ad
678 2988 793 3061 unna).
816 2988 942 3044 Videmus
957 2988 1044 3061 igitur
1058 2988 1111 3043 hoc
1125 2986 1190 3043 loco

243 3072 342 3128 uitium
358 3089 419 3129 cum
434 3076 461 3129 in
478 3074 603 3130 omnihus
619 3076 718 3131 ceteris
733 3073 811 3130 libris
827 3071 1000 3130 hemistichia
1016 3071 1191 3127 antecedenti

243 3156 315 3233 male
324 3158 444 3233 repetito
454 3158 652 3216 dissimulatum
661 3161 706 3221 sit,
715 3160 742 3215 in
753 3155 1010 3215 soloRl3tideliter
1020 3171 1192 3230 expressum.

245 3241 338 3316 Neque
354 3244 440 3317 magis
455 3242 543 3317 lugiet
557 3247 663 3318 peritos
678 3262 705 3300 u.
721 3242 762 3300 42
779 3242 852 3317 quod
868 3243 896 3297 in
912 3241 985 3297 R13
998 3240 1102 3313 legitur
1122 3238 1193 3297 ‘ora

244 3323 329 3383 trais’
355 3326 382 3382 id
398 3328 513 3402 propius
529 3330 655 3386 accedere
670 3328 703 3385 ad
718 3329 863 3403 genuinam
879 3325 1044 3400 scripturam
1058 3325 1192 3388 ‘britais’,

245 3428 327 3485 quam
342 3411 416 3485 quod
431 3413 515 3468 ceteri
530 3413 663 3486 praebent
683 3413 748 3469 ‘ora
766 3410 877 3473 tanais’‚
899 3411 1065 3468 correctoris
1080 3424 1192 3465 manum

244 3494 381 3552 redolens.
419 3495 564 3554 Praeterea
585 3515 611 3554 n.
629 3498 688 3557 178
707 3498 807 3555 uitiosa
828 3496 931 3570 legitur
952 3494 1075 3551 inlibris
1095 3494 1193 3567 uolga-

245 3579 336 3638 rihns:
357 3579 470 3637 ‘nultus
485 3582 536 3639 deo
554 3583 659 3640 Similes
674 3582 779 3641 uolanti
797 3581 909 3639 lerneus
928 3579 1034 3638 damma
1054 3578 1193 3643 ahstulit’,
