2536 4046
407 281 589 331 suecrius
615 268 777 369 10000001

93 436 118 492 o'
441 424 572 485 Monstra
588 425 644 484 iam
661 424 768 487 desunt
783 428 855 488 mihi

128 513 290 591 minorque
305 508 391 570 labor
407 517 452 569 est
465 507 585 568 Herculi
600 510 677 570 iusso
696 514 803 589 exequi

128 616 220 679 quam
236 595 310 656 mihi
331 593 473 655 iubere.
499 591 592 653 laetus
607 596 732 673 imperia
749 598 866 675 excipit.

95 712 109 746 c
175 680 240 752 Quo
255 681 319 741 1000
335 677 452 757 tyranni
467 678 567 738 iussa
583 677 713 741 uiolento
731 690 840 758 queant

127 785 241 828 nocere
256 764 376 826 iuueni?
398 780 505 840 nempe
521 780 575 840 pro
591 763 655 823 telis
671 766 747 842 gerit

127 870 207 933 quae
223 850 321 911 timuit
336 856 366 908 et
379 865 457 926 quae
474 845 556 907 fudit.
581 858 711 909 armatus
728 851 810 910 uenit

127 937 218 998 leone
234 942 264 996 et
279 933 382 1013 hydra.

91 1040 115 1089 0¹
442 1014 504 1075 Nee
520 1016 591 1075 satis
608 1023 705 1078 terrae
720 1026 832 1098 petent.

130 1105 249 1183 effregit
265 1121 334 1164 eece
349 1101 441 1162 limen
456 1099 567 1161 interni
582 1101 661 1162 ionis

131 1198 162 1251 et
178 1190 275 1267 opima
290 1187 362 1253 uicti
377 1186 457 1262 regis
472 1184 510 1244 ad
526 1202 651 1261 superos
667 1186 768 1247 refert.

90 1280 124 1331 0¹⁴
178 1273 289 1334 Parum
305 1278 350 1333 est
364 1269 492 1331 reuerti:
510 1267 614 1330 foedus
630 1271 805 1332 umbrarum
821 1274 907 1351 perit.

133 1356 214 1443 [uidi
226 1361 303 1435 01000,
321 1358 388 1418 uidi
400 1362 489 1416 nocte
503 1357 641 1415 discusso
656 1356 791 1429 inferum
1066 1366 1101 1414 50

129 1452 160 1504 et
175 1445 245 1503 Dite
260 1445 372 1503 domito
386 1442 484 1517 spolia
500 1441 662 1500 iactantem
671 1443 765 1516 patri

126 1528 288 1602 fraterna.
333 1544 391 1587 cur
404 1542 465 1584 non
480 1527 617 1584 uinctum
632 1532 662 1584 et
676 1541 853 1602 oppressum
869 1528 966 1586 trahit

129 1617 231 1689 ipsum
245 1613 362 1673 catenis
370 1612 468 1686 porto
482 1612 623 1668 sortitum
638 1611 711 1670 Ione·

129 1698 292 1772 Ereboque
305 1701 398 1770 copto
411 1695 528 1770 potitor
542 1701 571 1753 et
585 1691 842 1778 releqo'tStqoot]

128 1780 276 1859 patefacta
291 1778 327 1839 ab
343 1779 412 1838 imis
427 1776 563 1838 menibus
577 1785 659 1837 retro
675 1780 723 1839 uia
739 1786 785 1839 est

133 1875 163 1927 et
179 1882 264 1926 saera
281 1864 362 1923 dirae
377 1863 482 1926 mortis
497 1862 527 1921 in
544 1869 648 1940 operto
662 1864 768 1924 iacent.

97 1990 112 2024 e
177 1951 220 2009 At
235 1950 290 2009 iste
305 1954 395 2026 rupto
412 1965 532 2007 earcere
548 1946 723 2009 umbrarum
739 1948 822 2008 ferox

134 2035 173 2095 de
189 2052 239 2094 me
254 2032 420 2111 triumphet
436 2041 465 2092 et
481 2031 658 2110 superbifica
673 2050 763 2093 manu

132 2129 231 2180 atrum
246 2135 300 2196 per
315 2116 407 2177 urbes
421 2115 503 2175 ducit
518 2115 663 2192 argolicas
679 2135 792 2178 canem.

91 2217 116 2268 α’
177 2204 248 2263 Viso
262 2200 412 2262 labantem
428 2200 558 2262 Cerbero
574 2202 637 2261 uidi
652 2202 730 2262 diem
1073 2209 1107 2258 00

130 2288 335 2367 pauidumque
351 2285 454 2346 solem.
477 2304 525 2346 me
542 2303 661 2364 quoque
677 2287 784 2347 inuasit
799 2294 912 2346 tremor

131 2383 161 2433 et
176 2379 253 2433 tetra
269 2372 397 2431 monstri
413 2368 487 2430 00110
505 2370 621 2430 deuicta
637 2371 756 2431 intuens

131 2459 216 2517 timui
230 2458 403 2536 imperasse.

96 2574 112 2607 e
436 2538 526 2599 Lenia
543 2538 595 2598 sed
610 2540 734 2598 nimium
752 2556 870 2617 queror.

132 2624 240 2686 00010
256 2624 420 2684 timendum
438 2630 491 2692 est,
508 2639 599 2700 regne
615 2641 653 2683 ne
669 2641 784 2684 summa
800 2631 925 2703 occupet

130 2711 182 2788 qui
196 2710 268 2770 uicit
283 2710 351 2778 ima,
367 2716 484 2787 seeptro
500 2708 661 2787 praeripiet
675 2709 762 2788 patri.

127 2853 334 2863 --——.—-—-—=

198 2950 232 2997 43
251 2947 311 3008 Quo
329 2946 376 3009 Voti
390 2945 469 3006 Quae
483 2944 522 2994 εΑ
539 2940 553 3006 11
570 2947 602 2994 49
616 2945 653 2994 01’
666 2946 737 3009 petit
749 2942 785 2993 E²
797 2960 845 3010 my.
866 2941 879 3011 11
899 2961 939 2994 ure
953 2946 1055 2995 50—54

126 3017 215 3066 deterri
232 3014 433 3078 dittographiam
451 3013 485 3074 es.
504 3029 528 3064 u.
547 3015 579 3061 60
596 3029 653 3078 sqq.
677 3008 689 3077 11
718 3013 825 3062 inferus
848 3010 883 3062 V¹
908 3009 919 3078 11
942 3014 975 3063 52
994 3014 1053 3062 uin-

115 3087 204 3149 01000
226 3082 277 3132 VA
304 3082 441 3131 uiotume
471 3076 482 3145 11
512 3079 609 3143 trahit)
627 3080 670 3129 hit
686 3084 713 3129 in
730 3096 784 3132 ras.
802 3078 840 3128 E²
867 3075 879 3146 11
908 3080 1054 3131 54000100-

126 3165 214 3214 roque
238 3151 286 3214 Voti
323 3145 336 3215 11
369 3151 459 3198 deesse
483 3149 585 3197 uidetur
601 3163 656 3198 uox
678 3146 781 3211 potitur
804 3147 828 3196 V
855 3143 866 3214 11
901 3153 929 3199 01
950 3150 1056 3212 retegit

125 3218 179 3267 ΕΑ
201 3222 229 3267 01
241 3218 314 3280 tegit
330 3218 358 3264 V
374 3220 402 3266 01
414 3214 535 3281 relegit
553 3216 630 3265 With.
650 3230 689 3264 en
706 3215 809 3279 retegit
821 3215 890 3270 Bao.
904 3218 1020 3267 eoiret
1032 3212 1044 3282 11

125 3286 229 3351 stigam
253 3286 280 3333 V
305 3281 318 3351 11
347 3285 380 3334 56
403 3283 488 3333 dureo
507 3281 542 3332 E¹
561 3289 629 3333 totus
646 3299 736 3333 uereor
753 3283 826 3333 abest
847 3286 873 3334 V
905 3281 916 3350 11
946 3284 1051 3334 671010

129 3354 218 3403 Vim
240 3353 290 3402 1110
309 3352 350 3402 εΑ
373 3348 386 3419 11
415 3352 448 3401 60
465 3350 608 3401 labentem
624 3352 650 3400 V
671 3347 682 3417 11
706 3352 738 3401 62
756 3354 831 3402 tetra
847 3350 1050 3415 Vrp‚thetreE

124 3424 152 3471 in
169 3436 223 3470 rar.
244 3428 325 3471 terna
342 3420 367 3469 A
404 3415 416 3485 11
449 3419 562 3469 deuicta
582 3421 608 3469 V
629 3419 733 3469 deuicti
751 3420 776 3468 E
800 3418 1051 3480 (111000110000.)

125 3489 152 3538 A
187 3485 199 3554 11
233 3489 267 3539 63
288 3484 481 3551 lsedlnimium
511 3485 551 3551 (ni
579 3490 606 3536 io
627 3486 694 3549 rao.)
717 3485 753 3535 E²
781 3487 923 3537 minimum
953 3483 987 3535 V¹
1027 3481 1041 3552 11

124 3558 160 3607 65
175 3557 284 3623 p'ripiut
306 3556 333 3605 V
366 3554 519 3621 praeripiet
535 3555 561 3604 E
580 3553 645 3618 (roo.
657 3557 726 3604 inter
739 3570 753 3604 e
766 3561 793 3604 et
806 3554 829 3618 r)
843 3555 868 3603 Α
