2484 4044
229 238 293 304 472
469 186 472 195 ¹
614 254 757 303 rucunrr

154 398 157 403 ’
230 393 362 472 neglecta
380 401 475 454 terras
490 394 566 471 fugit
581 402 611 454 et
625 413 723 456 meres
740 396 820 456 ieros

230 479 384 539 hominum
401 486 431 539 et
446 486 568 539 cruenta
585 479 676 542 caede
694 479 818 560 pollutas
833 500 939 543 manus

229 567 350 625 Astraea
368 564 453 641 uirga
469 565 601 624 siderum
616 583 756 643 maguum
773 566 872 629 decus,

229 648 337 725 cupido
352 648 423 710 belii
438 650 533 710 creuit
548 658 636 728 atque
653 651 716 710 auri
731 652 834 712 famen

230 740 323 794 tetum
341 752 395 812 per
411 733 514 794 orbem
531 736 691 796 maximum
707 743 843 796 exortum
861 742 904 797 est
919 736 1040 798 malurn

228 817 346 879 luxuria
363 819 453 898 pestis
470 817 591 888 blanda,
609 821 658 880 eui
673 821 752 882 uires
769 820 850 881 dedit

229 902 381 983 roburque
398 903 518 981 longum
536 911 653 981 tempus
668 912 755 982 atque
772 922 858 966 error
873 908 985 983 grauis.
1178 922 1207 968 ui·

230 988 352 1049 collecta
369 989 439 1048 uitia
455 995 498 1071 tot
513 1006 568 1066 per
583 996 693 1049 aetates
709 990 758 1050 diu

229 1075 259 1133 in
275 1091 328 1134 nos
343 1072 520 1133 redundant.
552 1072 670 1134 saeculo
687 1076 852 1153 premimur
868 1076 952 1154 graui

230 1175 288 1236 quo
304 1156 416 1219 seelera
433 1167 573 1234 regnant,
591 1160 686 1219 saeuit
701 1161 836 1238 impietas
853 1160 971 1228 furens,

228 1244 309 1320 turpi
324 1242 415 1303 libide
431 1259 542 1303 uenere
558 1243 726 1305 dominatur
741 1253 861 1322 putens,

229 1326 345 1388 luxuria
361 1328 468 1388 uictrix
484 1327 564 1387 orbis
580 1329 738 1389 immensas
754 1348 826 1406 opes

118 1452 129 1475 .
229 1412 402 1492 iampridem
419 1414 518 1472 auaris
534 1413 669 1473 manibus
685 1422 717 1474 ut
733 1414 839 1491 perdat
853 1415 939 1493 rapit.

229 1496 280 1557 sed
298 1516 367 1558 ecee
383 1514 488 1575 gressu
503 1497 597 1558 fertur
613 1501 737 1560 attonito
752 1498 832 1559 Nero

228 1583 364 1661 trucique
380 1580 473 1642 uultu.
505 1582 575 1660 quid
591 1583 668 1644 ierat
683 1591 782 1644 mente
797 1583 914 1645 horreo.

417 1882 521 1932 NERO.
545 1883 780 1934 PRAEFECTVS.
806 1884 948 1933 SENECA.

270 2075 383 2152 Perage
400 2076 559 2153 imperata:
585 2078 667 2137 mitte
683 2077 733 2156 qui
747 2076 843 2137 Plauti
858 2076 929 2136 mihi

227 2158 375 2237 Sillaeque
392 2161 468 2220 eaesi
484 2162 594 2221 referat
609 2159 771 2221 abscissum
789 2168 886 2240 eaput.
1182 2187 1206 2231 u

226 2256 350 2303 Pnaur.
367 2246 446 2303 iussa
463 2244 540 2305 haud
558 2245 714 2305 morabor:
732 2254 827 2307 castra
845 2246 998 2306 confestim
1018 2258 1145 2326 petam.

229 2340 304 2388 suu.
322 2330 351 2388 in
367 2329 439 2388 nihil
456 2332 639 2407 propinquos
655 2339 766 2391 temere
783 2331 921 2390 constitui
937 2330 1037 2393 decet.

227 2426 330 2475 nuno.
347 2416 425 2475 iusto
442 2431 506 2473 esse
522 2414 607 2475 iaeile
623 2423 667 2474 est
682 2417 731 2475 eui
746 2424 833 2476 uaeat
848 2422 952 2494 peetus
969 2426 1065 2478 metu.

228 2511 302 2559 sun.
320 2517 459 2578 magnum
475 2501 589 2559 timoris
604 2500 768 2560 remedium
786 2499 941 2560 elementia
957 2509 1010 2560 est.

226 2597 331 2645 nuno.
349 2585 523 2660 extinguere
538 2584 652 2645 hostem
668 2586 794 2646 maxima
811 2592 855 2646 est
870 2586 966 2645 uirtus
982 2584 1082 2649 ducis.
1184 2605 1215 2653 te}

227 2681 302 2727 sun.
319 2685 441 2728 seruare
457 2670 537 2729 ciues
552 2671 646 2728 maior
663 2677 707 2730 est
720 2669 832 2749 patriae
849 2671 933 2747 patri.

225 2854 431 2861 ——-—-—---—

293 2976 344 3026 434
366 2979 528 3028 terracorr.
548 2980 689 3025 exterres
713 2977 737 3025 V
763 2971 775 3040 ΙΙ
803 2974 854 3024 436
873 2977 901 3023 et
919 2991 965 3027 om.
985 2991 1006 3024 ω
1025 2981 1163 3029 restitue-

225 3049 286 3091 runt
304 3044 442 3092 Ascensum
460 3048 485 3092 et
497 3042 548 3094 Bo.
568 3060 581 3093 e
599 3044 687 3093 codice
704 3045 790 3095 uttrui.
820 3038 832 3108 ΙΙ
860 3043 910 3093 436
928 3042 1067 3093 sidereum
1096 3047 1129 3093 V
1149 3046 1164 3115 Η

224 3111 274 3158 441
293 3125 342 3174 per
360 3113 401 3159 tot
419 3127 441 3160 ω
463 3113 505 3161 tot
523 3126 572 3176 per
589 3112 645 3160 RP.
669 3106 680 3176 i}
703 3126 747 3176 ge.
760 3116 879 3174 regnant
897 3111 961 3160 313
987 3105 999 3177 Η
1022 3111 1161 3163 NERO·

224 3176 637 3232 manniacum-sunnon
656 3180 680 3227 A
708 3180 1110 3243 Ner0·seneca·prefectus
1138 3188 1165 3235 V

225 3296 291 3330 nero
305 3279 365 3329 312
384 3278 425 3341 saa
436 3280 469 3345 p‘a
483 3285 554 3333 aet).
571 3281 644 3331 Nero
658 3280 740 3345 pteris
753 3278 861 3330 Seneca
873 3281 936 3331 313
947 3277 959 3346 ΙΙ
970 3282 1020 3331 449
1040 3257 1163 3352 per-{ge

225 3342 354 3412 3121144
369 3346 459 3411 plauti
478 3345 628 3413 31311450
647 3348 798 3398 abscissum
818 3348 843 3397 A
862 3349 999 3398 absiasum
1012 3349 1075 3399 312
1102 3356 1163 3405 ab·

224 3417 327 3464 seisum
340 3415 403 3464 313
420 3416 446 3464 V
457 3411 499 3479 011
511 3418 561 3464 453
573 3417 676 3464 iustum
686 3416 712 3465 A
724 3417 797 3466 iusto
807 3416 870 3465 313
884 3413 927 3483 011
939 3421 982 3467 eat
992 3432 1040 3470 om.
1051 3419 1129 3472 313
1146 3425 1161 3487 Η

223 3483 279 3586 445ἱ
293 3480 412 3609 maxinp'a
436 3486 479 3530 eat
497 3482 584 3529 uirtua
603 3481 681 3532 ducis
700 3483 725 3531 A
750 3497 852 3546 magna
875 3483 953 3534 ducis
971 3484 1062 3535 uirtus
1089 3486 1161 3551 (ona,

226 3551 268 3586 rent
300 3548 361 3595 1113
