<?xml version="1.0" encoding="UTF-8"?>
<!DOCTYPE html PUBLIC "-//W3C//DTD XHTML 1.0 Transitional//EN"
    "http://www.w3.org/TR/xhtml1/DTD/xhtml1-transitional.dtd">
<html xmlns="http://www.w3.org/1999/xhtml" xml:lang="en" lang="en">
 <head>
  <title>
</title>
<meta http-equiv="Content-Type" content="text/html;charset=utf-8" />
  <meta name='ocr-system' content='tesseract 3.04.00' />
  <meta name='ocr-capabilities' content='ocr_page ocr_carea ocr_par ocr_line ocrx_word'/>
</head>
<body>
  <div class='ocr_page' id='page_1' title='image "./lannaeisenecaet08senegoog_0037.png"; bbox 0 0 2536 4046; ppageno 0'>
   <div class='ocr_carea' id='block_1_1' title="bbox 227 271 801 323">
    <p class='ocr_par' dir='ltr' id='par_1_1' title="bbox 227 271 801 323">
     <span class='ocr_line' id='line_1_1' title="bbox 227 271 801 323; baseline -0.005 0"><span class='ocrx_word' id='word_1_1' title='bbox 227 275 330 323; x_wconf 85' lang='lat' dir='ltr'>XXXII</span> <span class='ocrx_word' id='word_1_2' title='bbox 603 271 801 320; x_wconf 77' lang='lat' dir='ltr'>PRAEFATIO</span> 
     </span>
    </p>
   </div>
   <div class='ocr_carea' id='block_1_2' title="bbox 208 431 1188 1352">
    <p class='ocr_par' dir='ltr' id='par_1_2' title="bbox 229 431 1188 761">
     <span class='ocr_line' id='line_1_2' title="bbox 229 431 1187 506; baseline -0.001 -14"><span class='ocrx_word' id='word_1_3' title='bbox 229 452 291 492; x_wconf 89' lang='lat' dir='ltr'><strong>cum</strong></span> <span class='ocrx_word' id='word_1_4' title='bbox 316 432 423 506; x_wconf 81' lang='lat' dir='ltr'><strong>uolgari</strong></span> <span class='ocrx_word' id='word_1_5' title='bbox 444 433 605 489; x_wconf 83' lang='lat' dir='ltr'><strong>recensione</strong></span> <span class='ocrx_word' id='word_1_6' title='bbox 632 432 795 505; x_wconf 88' lang='lat' dir='ltr'><strong>plerumque</strong></span> <span class='ocrx_word' id='word_1_7' title='bbox 821 433 1005 488; x_wconf 81' lang='lat' dir='ltr'><strong>consentiunt.</strong></span> <span class='ocrx_word' id='word_1_8' title='bbox 1048 431 1129 490; x_wconf 78' lang='lat' dir='ltr'><strong>Folia</strong></span> <span class='ocrx_word' id='word_1_9' title='bbox 1153 450 1187 491; x_wconf 85' lang='lat' dir='ltr'><strong>ea</strong></span> 
     </span>
     <span class='ocr_line' id='line_1_3' title="bbox 230 514 1187 593; baseline -0.001 -19"><span class='ocrx_word' id='word_1_10' title='bbox 230 519 329 593; x_wconf 88' lang='lat' dir='ltr'><strong>quibus</strong></span> <span class='ocrx_word' id='word_1_11' title='bbox 342 517 449 574; x_wconf 79' lang='lat' dir='ltr'><strong>Medeae</strong></span> <span class='ocrx_word' id='word_1_12' title='bbox 464 514 606 590; x_wconf 81' lang='lat' dir='ltr'><strong>relliquiae</strong></span> <span class='ocrx_word' id='word_1_13' title='bbox 618 517 795 573; x_wconf 89' lang='lat' dir='ltr'><strong>continentur</strong></span> <span class='ocrx_word' id='word_1_14' title='bbox 807 515 925 572; x_wconf 89' lang='lat' dir='ltr'><strong>contulit</strong></span> <span class='ocrx_word' id='word_1_15' title='bbox 936 516 1100 573; x_wconf 77' lang='lat' dir='ltr'><strong>liitschelius</strong></span> <span class='ocrx_word' id='word_1_16' title='bbox 1117 534 1187 575; x_wconf 90' lang='lat' dir='ltr'><strong>cum</strong></span> 
     </span>
     <span class='ocr_line' id='line_1_4' title="bbox 230 599 1187 675; baseline 0.001 -17"><span class='ocrx_word' id='word_1_17' title='bbox 230 603 349 659; x_wconf 83' lang='lat' dir='ltr'><strong>editione</strong></span> <span class='ocrx_word' id='word_1_18' title='bbox 364 600 522 659; x_wconf 86' lang='lat' dir='ltr'><strong>marciliana</strong></span> <span class='ocrx_word' id='word_1_19' title='bbox 538 600 633 673; x_wconf 89' lang='lat' dir='ltr'><strong>(Paris.</strong></span> <span class='ocrx_word' id='word_1_20' title='bbox 646 600 749 674; x_wconf 85' lang='grc'><strong>1664),</strong></span> <span class='ocrx_word' id='word_1_21' title='bbox 765 599 860 673; x_wconf 82' lang='lat' dir='ltr'><strong>Oedipi</strong></span> <span class='ocrx_word' id='word_1_22' title='bbox 878 600 1029 675; x_wconf 76' lang='lat' dir='ltr'><strong>fragmenta</strong></span> <span class='ocrx_word' id='word_1_23' title='bbox 1045 618 1105 658; x_wconf 88' lang='lat' dir='ltr'><strong>cunr</strong></span> <span class='ocrx_word' id='word_1_24' title='bbox 1124 602 1187 659; x_wconf 90' lang='lat' dir='ltr'><strong>col·</strong></span> 
     </span>
     <span class='ocr_line' id='line_1_5' title="bbox 229 684 1188 761; baseline -0.001 -18"><span class='ocrx_word' id='word_1_25' title='bbox 229 688 348 745; x_wconf 87' lang='lat' dir='ltr'><strong>lectione</strong></span> <span class='ocrx_word' id='word_1_26' title='bbox 368 694 455 761; x_wconf 86' lang='lat' dir='ltr'><strong>poett.</strong></span> <span class='ocrx_word' id='word_1_27' title='bbox 476 687 535 744; x_wconf 88' lang='lat' dir='ltr'><strong>iatt.</strong></span> <span class='ocrx_word' id='word_1_28' title='bbox 557 685 703 743; x_wconf 83' lang='lat' dir='ltr'><strong>florentina</strong></span> <span class='ocrx_word' id='word_1_29' title='bbox 724 686 764 741; x_wconf 90' lang='lat' dir='ltr'><strong>ed.</strong></span> <span class='ocrx_word' id='word_1_30' title='bbox 788 702 809 740; x_wconf 90' lang='lat' dir='ltr'><strong>a.</strong></span> <span class='ocrx_word' id='word_1_31' title='bbox 829 684 910 743; x_wconf 88' lang='grc'>1834</span> <span class='ocrx_word' id='word_1_32' title='bbox 933 702 986 759; x_wconf 88' lang='lat' dir='ltr'><strong>qua</strong></span> <span class='ocrx_word' id='word_1_33' title='bbox 1007 702 1062 742; x_wconf 95' lang='lat' dir='ltr'><strong>non</strong></span> <span class='ocrx_word' id='word_1_34' title='bbox 1078 686 1188 744; x_wconf 80' lang='lat' dir='ltr'><strong>licebat</strong></span> 
     </span>
    </p>

    <p class='ocr_par' dir='ltr' id='par_1_3' title="bbox 208 769 1187 1352">
     <span class='ocr_line' id='line_1_6' title="bbox 208 769 1187 839; baseline 0.002 -14"><span class='ocrx_word' id='word_1_35' title='bbox 208 773 279 828; x_wconf 79' lang='lat' dir='ltr'><strong>‚uti</strong></span> <span class='ocrx_word' id='word_1_36' title='bbox 315 770 388 839; x_wconf 81' lang='lat' dir='ltr'><strong>Quae</strong></span> <span class='ocrx_word' id='word_1_37' title='bbox 411 773 438 827; x_wconf 92' lang='lat' dir='ltr'><strong>in</strong></span> <span class='ocrx_word' id='word_1_38' title='bbox 455 772 494 828; x_wconf 90' lang='lat' dir='ltr'><strong>eis</strong></span> <span class='ocrx_word' id='word_1_39' title='bbox 510 771 585 828; x_wconf 88' lang='lat' dir='ltr'><strong>loliis</strong></span> <span class='ocrx_word' id='word_1_40' title='bbox 606 779 698 828; x_wconf 82' lang='lat' dir='ltr'><strong>artare</strong></span> <span class='ocrx_word' id='word_1_41' title='bbox 718 772 801 828; x_wconf 86' lang='lat' dir='ltr'><strong>certis</strong></span> <span class='ocrx_word' id='word_1_42' title='bbox 823 769 914 827; x_wconf 87' lang='lat' dir='ltr'><strong>uerbis</strong></span> <span class='ocrx_word' id='word_1_43' title='bbox 928 769 1092 829; x_wconf 83' lang='lat' dir='ltr'><strong>liitschelius</strong></span> <span class='ocrx_word' id='word_1_44' title='bbox 1113 788 1187 829; x_wconf 90' lang='lat' dir='ltr'><strong>con·</strong></span> 
     </span>
     <span class='ocr_line' id='line_1_7' title="bbox 228 853 1187 928; baseline 0 -15"><span class='ocrx_word' id='word_1_45' title='bbox 228 856 319 913; x_wconf 82' lang='lat' dir='ltr'><strong>firmat</strong></span> <span class='ocrx_word' id='word_1_46' title='bbox 344 856 372 913; x_wconf 88' lang='lat' dir='ltr'><strong>in</strong></span> <span class='ocrx_word' id='word_1_47' title='bbox 394 856 498 913; x_wconf 89' lang='lat' dir='ltr'><strong>nostris</strong></span> <span class='ocrx_word' id='word_1_48' title='bbox 519 857 712 912; x_wconf 88' lang='lat' dir='ltr'><strong>conmentariis</strong></span> <span class='ocrx_word' id='word_1_49' title='bbox 734 853 918 917; x_wconf 81' lang='lat' dir='ltr'><strong>exhibuimus,</strong></span> <span class='ocrx_word' id='word_1_50' title='bbox 952 871 1021 928; x_wconf 88' lang='lat' dir='ltr'><strong>quae</strong></span> <span class='ocrx_word' id='word_1_51' title='bbox 1041 872 1073 911; x_wconf 81' lang='lat' dir='ltr'><strong>er</strong></span> <span class='ocrx_word' id='word_1_52' title='bbox 1096 858 1187 914; x_wconf 82' lang='lat' dir='ltr'><strong>tacito</strong></span> 
     </span>
     <span class='ocr_line' id='line_1_8' title="bbox 232 936 1186 1014; baseline 0 -17"><span class='ocrx_word' id='word_1_53' title='bbox 232 957 292 997; x_wconf 89' lang='lat' dir='ltr'><strong>cum</strong></span> <span class='ocrx_word' id='word_1_54' title='bbox 309 941 351 997; x_wconf 90' lang='lat' dir='ltr'><strong>ed.</strong></span> <span class='ocrx_word' id='word_1_55' title='bbox 368 941 472 997; x_wconf 89' lang='lat' dir='ltr'><strong>maroli.</strong></span> <span class='ocrx_word' id='word_1_56' title='bbox 489 956 626 998; x_wconf 86' lang='lat' dir='ltr'><strong>consensu</strong></span> <span class='ocrx_word' id='word_1_57' title='bbox 641 939 780 1014; x_wconf 87' lang='lat' dir='ltr'><strong>adparent,</strong></span> <span class='ocrx_word' id='word_1_58' title='bbox 796 938 865 996; x_wconf 89' lang='lat' dir='ltr'><strong>inira</strong></span> <span class='ocrx_word' id='word_1_59' title='bbox 881 936 1090 1013; x_wconf 78' lang='lat' dir='ltr'><strong>subiecimus*).</strong></span> <span class='ocrx_word' id='word_1_60' title='bbox 1112 940 1186 997; x_wconf 85' lang='lat' dir='ltr'><strong>Cum</strong></span> 
     </span>
     <span class='ocr_line' id='line_1_9' title="bbox 229 1023 1187 1083; baseline 0.002 -3"><span class='ocrx_word' id='word_1_61' title='bbox 229 1026 259 1080; x_wconf 80' lang='lat' dir='ltr'><strong>It’</strong></span> <span class='ocrx_word' id='word_1_62' title='bbox 272 1024 338 1081; x_wconf 81' lang='lat' dir='ltr'><strong>dolia</strong></span> <span class='ocrx_word' id='word_1_63' title='bbox 355 1042 439 1082; x_wconf 86' lang='lat' dir='ltr'><strong>rescr.</strong></span> <span class='ocrx_word' id='word_1_64' title='bbox 456 1025 633 1083; x_wconf 86' lang='lat' dir='ltr'><strong>consentiunt</strong></span> <span class='ocrx_word' id='word_1_65' title='bbox 655 1025 697 1080; x_wconf 89' lang='lat' dir='ltr'><strong>his</strong></span> <span class='ocrx_word' id='word_1_66' title='bbox 714 1023 802 1080; x_wconf 88' lang='lat' dir='ltr'><strong>tribus</strong></span> <span class='ocrx_word' id='word_1_67' title='bbox 817 1023 925 1081; x_wconf 78' lang='lat' dir='ltr'><strong>Medeae</strong></span> <span class='ocrx_word' id='word_1_68' title='bbox 945 1023 1028 1081; x_wconf 91' lang='lat' dir='ltr'><strong>locis:</strong></span> <span class='ocrx_word' id='word_1_69' title='bbox 1053 1023 1113 1082; x_wconf 87' lang='grc'><strong>219</strong></span> <span class='ocrx_word' id='word_1_70' title='bbox 1139 1042 1187 1082; x_wconf 85' lang='lat' dir='ltr'><strong>ra·</strong></span> 
     </span>
     <span class='ocr_line' id='line_1_10' title="bbox 230 1107 1186 1184; baseline 0.001 -19"><span class='ocrx_word' id='word_1_71' title='bbox 230 1108 292 1165; x_wconf 90' lang='lat' dir='ltr'><strong>hida</strong></span> <span class='ocrx_word' id='word_1_72' title='bbox 308 1107 345 1181; x_wconf 86' lang='grc' dir='ltr'><strong>(Α</strong></span> <span class='ocrx_word' id='word_1_73' title='bbox 360 1108 464 1184; x_wconf 87' lang='lat' dir='ltr'><strong>rapida)</strong></span> <span class='ocrx_word' id='word_1_74' title='bbox 495 1108 556 1167; x_wconf 84' lang='grc'><strong>266</strong></span> <span class='ocrx_word' id='word_1_75' title='bbox 581 1116 609 1164; x_wconf 86' lang='lat' dir='ltr'><strong>tn</strong></span> <span class='ocrx_word' id='word_1_76' title='bbox 627 1115 655 1164; x_wconf 89' lang='lat' dir='ltr'><strong>tu</strong></span> <span class='ocrx_word' id='word_1_77' title='bbox 671 1107 729 1180; x_wconf 87' lang='lat' dir='ltr'><strong>(sed</strong></span> <span class='ocrx_word' id='word_1_78' title='bbox 746 1117 776 1164; x_wconf 89' lang='lat' dir='ltr'><strong>tu</strong></span> <span class='ocrx_word' id='word_1_79' title='bbox 791 1107 826 1180; x_wconf 87' lang='grc' dir='ltr'><strong>Α)</strong></span> <span class='ocrx_word' id='word_1_80' title='bbox 858 1108 918 1168; x_wconf 88' lang='grc'><strong>268</strong></span> <span class='ocrx_word' id='word_1_81' title='bbox 941 1109 1025 1166; x_wconf 89' lang='lat' dir='ltr'><strong>robur</strong></span> <span class='ocrx_word' id='word_1_82' title='bbox 1040 1110 1120 1166; x_wconf 92' lang='lat' dir='ltr'><strong>uirile</strong></span> <span class='ocrx_word' id='word_1_83' title='bbox 1139 1118 1186 1167; x_wconf 87' lang='lat' dir='ltr'><strong>est</strong></span> 
     </span>
     <span class='ocr_line' id='line_1_11' title="bbox 231 1191 1186 1267; baseline 0.003 -19"><span class='ocrx_word' id='word_1_84' title='bbox 231 1191 322 1263; x_wconf 88' lang='lat' dir='ltr'><strong>(uirile</strong></span> <span class='ocrx_word' id='word_1_85' title='bbox 340 1193 426 1250; x_wconf 85' lang='lat' dir='ltr'><strong>robur</strong></span> <span class='ocrx_word' id='word_1_86' title='bbox 447 1211 473 1249; x_wconf 90' lang='lat' dir='ltr'><strong>n.</strong></span> <span class='ocrx_word' id='word_1_87' title='bbox 496 1193 513 1250; x_wconf 91' lang='grc'><strong>1.</strong></span> <span class='ocrx_word' id='word_1_88' title='bbox 531 1202 626 1250; x_wconf 87' lang='lat' dir='ltr'><strong>mest</strong></span> <span class='ocrx_word' id='word_1_89' title='bbox 645 1192 690 1266; x_wconf 76' lang='lat' dir='ltr'><strong>A).</strong></span> <span class='ocrx_word' id='word_1_90' title='bbox 734 1193 875 1267; x_wconf 86' lang='lat' dir='ltr'><strong>Plerisque</strong></span> <span class='ocrx_word' id='word_1_91' title='bbox 896 1194 964 1250; x_wconf 86' lang='lat' dir='ltr'><strong>locis</strong></span> <span class='ocrx_word' id='word_1_92' title='bbox 987 1195 1027 1251; x_wconf 88' lang='lat' dir='ltr'><strong>eis</strong></span> <span class='ocrx_word' id='word_1_93' title='bbox 1048 1197 1186 1253; x_wconf 88' lang='lat' dir='ltr'><strong>conuenit</strong></span> 
     </span>
     <span class='ocr_line' id='line_1_12' title="bbox 231 1277 576 1352; baseline 0 -19"><span class='ocrx_word' id='word_1_94' title='bbox 231 1294 293 1334; x_wconf 89' lang='lat' dir='ltr'><strong>cum</strong></span> <span class='ocrx_word' id='word_1_95' title='bbox 308 1277 470 1352; x_wconf 82' lang='lat' dir='ltr'><strong>uolgaribus</strong></span> <span class='ocrx_word' id='word_1_96' title='bbox 484 1278 576 1335; x_wconf 87' lang='lat' dir='ltr'><strong>libris:</strong></span> 
     </span>
    </p>
   </div>
   <div class='ocr_carea' id='block_1_3' title="bbox 271 1413 1053 2995">
    <p class='ocr_par' dir='ltr' id='par_1_4' title="bbox 271 1413 1053 2995">
     <span class='ocr_line' id='line_1_13' title="bbox 379 1413 962 1472; baseline 0 -3"><span class='ocrx_word' id='word_1_97' title='bbox 379 1413 412 1469; x_wconf 86' lang='grc' dir='ltr'><strong>Α.</strong></span> <span class='ocrx_word' id='word_1_98' title='bbox 435 1413 537 1472; x_wconf 80' lang='lat' dir='ltr'><strong>Rescr.</strong></span> <span class='ocrx_word' id='word_1_99' title='bbox 933 1413 962 1469; x_wconf 82' lang='grc' dir='ltr'><em>Ε</em></span> 
     </span>
     <span class='ocr_line' id='line_1_14' title="bbox 272 1496 910 1557; baseline 0.002 -5"><span class='ocrx_word' id='word_1_100' title='bbox 272 1496 333 1555; x_wconf 92' lang='grc'><strong>213</strong></span> <span class='ocrx_word' id='word_1_101' title='bbox 349 1498 511 1557; x_wconf 75' lang='lat' dir='ltr'><strong>dulcedcnnt</strong></span> <span class='ocrx_word' id='word_1_102' title='bbox 759 1497 910 1554; x_wconf 89' lang='lat' dir='ltr'><strong>durescunt</strong></span> 
     </span>
     <span class='ocr_line' id='line_1_15' title="bbox 271 1580 826 1639; baseline 0.004 -2"><span class='ocrx_word' id='word_1_103' title='bbox 271 1580 333 1639; x_wconf 92' lang='grc'><strong>218</strong></span> <span class='ocrx_word' id='word_1_104' title='bbox 348 1598 421 1638; x_wconf 88' lang='lat' dir='ltr'><strong>nunc</strong></span> <span class='ocrx_word' id='word_1_105' title='bbox 716 1588 718 1591; x_wconf 83' lang='lat'>&#39;</span> <span class='ocrx_word' id='word_1_106' title='bbox 761 1591 826 1639; x_wconf 86' lang='lat' dir='ltr'><strong>tune</strong></span> 
     </span>
     <span class='ocr_line' id='line_1_16' title="bbox 272 1663 879 1723; baseline 0.003 -3"><span class='ocrx_word' id='word_1_107' title='bbox 272 1663 334 1721; x_wconf 92' lang='grc'><strong>214</strong></span> <span class='ocrx_word' id='word_1_108' title='bbox 350 1675 457 1722; x_wconf 77' lang='lat' dir='ltr'><strong>exercet</strong></span> <span class='ocrx_word' id='word_1_109' title='bbox 760 1673 879 1723; x_wconf 80' lang='lat' dir='ltr'><strong>exterret</strong></span> 
     </span>
     <span class='ocr_line' id='line_1_17' title="bbox 272 1748 837 1824; baseline 0.002 -19"><span class='ocrx_word' id='word_1_110' title='bbox 272 1748 333 1806; x_wconf 97' lang='grc'><strong>218</strong></span> <span class='ocrx_word' id='word_1_111' title='bbox 350 1750 404 1806; x_wconf 86' lang='lat' dir='ltr'><strong>uiri</strong></span> <span class='ocrx_word' id='word_1_112' title='bbox 759 1752 837 1824; x_wconf 87' lang='lat' dir='ltr'><strong>proci</strong></span> 
     </span>
     <span class='ocr_line' id='line_1_18' title="bbox 273 1832 1005 1893; baseline 0.004 -5"><span class='ocrx_word' id='word_1_113' title='bbox 273 1832 333 1890; x_wconf 89' lang='grc'><strong>233</strong></span> <span class='ocrx_word' id='word_1_114' title='bbox 350 1835 448 1892; x_wconf 89' lang='lat' dir='ltr'><strong>ducum</strong></span> <span class='ocrx_word' id='word_1_115' title='bbox 466 1843 484 1891; x_wconf 87' lang='lat' dir='ltr'><strong>t.</strong></span> <span class='ocrx_word' id='word_1_116' title='bbox 501 1834 597 1892; x_wconf 88' lang='lat' dir='ltr'><strong>ducem</strong></span> <span class='ocrx_word' id='word_1_117' title='bbox 760 1835 855 1891; x_wconf 90' lang='lat' dir='ltr'><strong>ducem</strong></span> <span class='ocrx_word' id='word_1_118' title='bbox 872 1844 890 1891; x_wconf 90' lang='lat' dir='ltr'><strong>t.</strong></span> <span class='ocrx_word' id='word_1_119' title='bbox 907 1835 1005 1893; x_wconf 90' lang='lat' dir='ltr'><strong>ducum</strong></span> 
     </span>
     <span class='ocr_line' id='line_1_19' title="bbox 272 1915 876 1994; baseline 0.005 -22"><span class='ocrx_word' id='word_1_120' title='bbox 272 1915 334 1975; x_wconf 89' lang='grc'><strong>240</strong></span> <span class='ocrx_word' id='word_1_121' title='bbox 349 1921 454 1993; x_wconf 86' lang='lat' dir='ltr'><strong>primns</strong></span> <span class='ocrx_word' id='word_1_122' title='bbox 760 1920 876 1994; x_wconf 88' lang='lat' dir='ltr'><strong>primurn</strong></span> 
     </span>
     <span class='ocr_line' id='line_1_20' title="bbox 272 2000 907 2078; baseline 0.008 -21"><span class='ocrx_word' id='word_1_123' title='bbox 272 2000 332 2057; x_wconf 91' lang='grc'><strong>241</strong></span> <span class='ocrx_word' id='word_1_124' title='bbox 347 2003 476 2078; x_wconf 81' lang='lat' dir='ltr'><strong>flagranti</strong></span> <span class='ocrx_word' id='word_1_125' title='bbox 496 2002 521 2058; x_wconf 77' lang='lat' dir='ltr'><em>A</em></span> <span class='ocrx_word' id='word_1_126' title='bbox 557 2003 691 2077; x_wconf 80' lang='lat' dir='ltr'><strong>fraglante</strong></span> <span class='ocrx_word' id='word_1_127' title='bbox 760 2003 907 2062; x_wconf 84' lang='lat' dir='ltr'><strong>flammanti</strong></span> 
     </span>
     <span class='ocr_line' id='line_1_21' title="bbox 350 2087 451 2145; baseline -0.01 -2"><span class='ocrx_word' id='word_1_128' title='bbox 350 2087 451 2145; x_wconf 81' lang='lat' dir='ltr'><strong>Rescr.</strong></span> 
     </span>
     <span class='ocr_line' id='line_1_22' title="bbox 272 2168 892 2248; baseline 0.006 -22"><span class='ocrx_word' id='word_1_129' title='bbox 272 2168 333 2226; x_wconf 91' lang='grc'><strong>242</strong></span> <span class='ocrx_word' id='word_1_130' title='bbox 351 2188 404 2245; x_wconf 88' lang='lat' dir='ltr'><strong>qua</strong></span> <span class='ocrx_word' id='word_1_131' title='bbox 761 2188 830 2248; x_wconf 87' lang='lat' dir='ltr'><strong>quae</strong></span> <span class='ocrx_word' id='word_1_132' title='bbox 845 2172 892 2246; x_wconf 79' lang='grc' dir='ltr'><strong>(ψ)</strong></span> 
     </span>
     <span class='ocr_line' id='line_1_23' title="bbox 272 2253 824 2314; baseline 0.007 -5"><span class='ocrx_word' id='word_1_133' title='bbox 272 2253 334 2310; x_wconf 81' lang='grc'><strong>244</strong></span> <span class='ocrx_word' id='word_1_134' title='bbox 352 2256 402 2314; x_wconf 86' lang='lat' dir='ltr'><strong>tuit</strong></span> <span class='ocrx_word' id='word_1_135' title='bbox 761 2256 824 2313; x_wconf 78' lang='lat' dir='ltr'><strong>titul</strong></span> 
     </span>
     <span class='ocr_line' id='line_1_24' title="bbox 273 2338 860 2400; baseline 0.007 -5"><span class='ocrx_word' id='word_1_136' title='bbox 273 2338 334 2397; x_wconf 86' lang='grc'><strong>249</strong></span> <span class='ocrx_word' id='word_1_137' title='bbox 351 2351 424 2399; x_wconf 88' lang='lat' dir='ltr'><strong>terra</strong></span> <span class='ocrx_word' id='word_1_138' title='bbox 438 2343 488 2400; x_wconf 88' lang='lat' dir='ltr'><strong>hac</strong></span> <span class='ocrx_word' id='word_1_139' title='bbox 761 2349 860 2400; x_wconf 88' lang='lat' dir='ltr'><strong>terram</strong></span> 
     </span>
     <span class='ocr_line' id='line_1_25' title="bbox 350 2436 792 2484; baseline 0.002 -1"><span class='ocrx_word' id='word_1_140' title='bbox 350 2436 377 2483; x_wconf 91' lang='lat' dir='ltr'><strong>et</strong></span> <span class='ocrx_word' id='word_1_141' title='bbox 761 2444 792 2484; x_wconf 90' lang='lat' dir='ltr'><strong>ac</strong></span> 
     </span>
     <span class='ocr_line' id='line_1_26' title="bbox 273 2507 902 2568; baseline 0.006 -4"><span class='ocrx_word' id='word_1_142' title='bbox 273 2507 334 2565; x_wconf 84' lang='grc'><strong>252</strong></span> <span class='ocrx_word' id='word_1_143' title='bbox 351 2511 490 2568; x_wconf 88' lang='lat' dir='ltr'><strong>uiolenter</strong></span> <span class='ocrx_word' id='word_1_144' title='bbox 762 2510 902 2568; x_wconf 81' lang='lat' dir='ltr'><strong>uiolentus</strong></span> 
     </span>
     <span class='ocr_line' id='line_1_27' title="bbox 273 2590 1053 2673; baseline 0.01 -27"><span class='ocrx_word' id='word_1_145' title='bbox 273 2590 333 2648; x_wconf 85' lang='grc'><strong>256</strong></span> <span class='ocrx_word' id='word_1_146' title='bbox 349 2595 451 2667; x_wconf 87' lang='lat' dir='ltr'><strong>quippe</strong></span> <span class='ocrx_word' id='word_1_147' title='bbox 467 2601 495 2651; x_wconf 89' lang='lat' dir='ltr'><strong>te</strong></span> <span class='ocrx_word' id='word_1_148' title='bbox 763 2611 844 2670; x_wconf 87' lang='lat' dir='ltr'><strong>quem</strong></span> <span class='ocrx_word' id='word_1_149' title='bbox 859 2594 923 2668; x_wconf 87' lang='lat' dir='ltr'><strong>(om.</strong></span> <span class='ocrx_word' id='word_1_150' title='bbox 939 2596 1053 2673; x_wconf 86' lang='lat' dir='ltr'><strong>quippe)</strong></span> 
     </span>
     <span class='ocr_line' id='line_1_28' title="bbox 272 2674 883 2737; baseline 0.011 -7"><span class='ocrx_word' id='word_1_151' title='bbox 272 2674 333 2734; x_wconf 87' lang='grc'><strong>267</strong></span> <span class='ocrx_word' id='word_1_152' title='bbox 350 2677 502 2735; x_wconf 88' lang='lat' dir='ltr'><strong>audendum</strong></span> <span class='ocrx_word' id='word_1_153' title='bbox 760 2680 883 2737; x_wconf 87' lang='lat' dir='ltr'><strong>audenda</strong></span> 
     </span>
     <span class='ocr_line' id='line_1_29' title="bbox 273 2759 855 2822; baseline 0.009 -6"><span class='ocrx_word' id='word_1_154' title='bbox 273 2759 334 2817; x_wconf 90' lang='grc'><strong>704</strong></span> <span class='ocrx_word' id='word_1_155' title='bbox 351 2778 432 2818; x_wconf 86' lang='lat' dir='ltr'><strong>manu</strong></span> <span class='ocrx_word' id='word_1_156' title='bbox 760 2781 855 2822; x_wconf 82' lang='lat' dir='ltr'><strong>manus</strong></span> 
     </span>
     <span class='ocr_line' id='line_1_30' title="bbox 272 2844 869 2924; baseline 0.01 -24"><span class='ocrx_word' id='word_1_157' title='bbox 272 2844 333 2900; x_wconf 94' lang='grc'><strong>712</strong></span> <span class='ocrx_word' id='word_1_158' title='bbox 350 2863 462 2920; x_wconf 85' lang='lat' dir='ltr'><strong>sparsus</strong></span> <span class='ocrx_word' id='word_1_159' title='bbox 759 2865 869 2924; x_wconf 82' lang='lat' dir='ltr'><strong>sparsas</strong></span> 
     </span>
     <span class='ocr_line' id='line_1_31' title="bbox 273 2929 943 2995; baseline 0.012 -8"><span class='ocrx_word' id='word_1_160' title='bbox 273 2929 333 2988; x_wconf 90' lang='grc'><strong>713</strong></span> <span class='ocrx_word' id='word_1_161' title='bbox 349 2930 466 2988; x_wconf 86' lang='lat' dir='ltr'><strong>Parthus</strong></span> <span class='ocrx_word' id='word_1_162' title='bbox 481 2929 551 2988; x_wconf 81' lang='lat' dir='ltr'><strong>leuis</strong></span> <span class='ocrx_word' id='word_1_163' title='bbox 759 2934 852 2992; x_wconf 89' lang='lat' dir='ltr'><strong>Parthi</strong></span> <span class='ocrx_word' id='word_1_164' title='bbox 867 2935 943 2995; x_wconf 84' lang='lat' dir='ltr'><strong>leues</strong></span> 
     </span>
    </p>
   </div>
   <div class='ocr_carea' id='block_1_4' title="bbox 272 3013 871 3093">
    <p class='ocr_par' dir='ltr' id='par_1_5' title="bbox 272 3013 871 3093">
     <span class='ocr_line' id='line_1_32' title="bbox 272 3013 871 3093; baseline 0.012 -24"><span class='ocrx_word' id='word_1_165' title='bbox 272 3013 333 3069; x_wconf 93' lang='grc'><strong>714</strong></span> <span class='ocrx_word' id='word_1_166' title='bbox 350 3015 413 3088; x_wconf 84' lang='lat' dir='ltr'><strong>quis</strong></span> <span class='ocrx_word' id='word_1_167' title='bbox 761 3020 808 3091; x_wconf 89' lang='lat' dir='ltr'><strong>qui</strong></span> <span class='ocrx_word' id='word_1_168' title='bbox 825 3017 871 3093; x_wconf 81' lang='grc' dir='ltr'><strong>(ψ)</strong></span> 
     </span>
    </p>
   </div>
   <div class='ocr_carea' id='block_1_5' title="bbox 230 3295 1186 3505">
    <p class='ocr_par' dir='ltr' id='par_1_6' title="bbox 230 3295 1186 3505">
     <span class='ocr_line' id='line_1_33' title="bbox 230 3295 1185 3371; baseline 0.012 -26"><span class='ocrx_word' id='word_1_169' title='bbox 230 3311 306 3359; x_wconf 90' lang='lat' dir='ltr'><strong>nem,</strong></span> <span class='ocrx_word' id='word_1_170' title='bbox 335 3295 369 3346; x_wconf 84' lang='lat' dir='ltr'><strong>ad</strong></span> <span class='ocrx_word' id='word_1_171' title='bbox 393 3312 473 3362; x_wconf 88' lang='lat' dir='ltr'><strong>quem</strong></span> <span class='ocrx_word' id='word_1_172' title='bbox 497 3298 616 3351; x_wconf 78' lang='lat' dir='ltr'><strong>fortasse</strong></span> <span class='ocrx_word' id='word_1_173' title='bbox 638 3301 785 3354; x_wconf 79' lang='lat' dir='ltr'><strong>referende</strong></span> <span class='ocrx_word' id='word_1_174' title='bbox 809 3308 873 3353; x_wconf 81' lang='lat' dir='ltr'><strong>sunt</strong></span> <span class='ocrx_word' id='word_1_175' title='bbox 888 3303 1062 3355; x_wconf 84' lang='lat' dir='ltr'><strong>Aldhelmi</strong></span> <span class='ocrx_word' id='word_1_176' title='bbox 1084 3305 1185 3371; x_wconf 78' lang='lat' dir='ltr'><strong>uerba,</strong></span> 
     </span>
     <span class='ocr_line' id='line_1_34' title="bbox 232 3364 1186 3434; baseline 0.01 -19"><span class='ocrx_word' id='word_1_177' title='bbox 232 3364 342 3416; x_wconf 77' lang='lat' dir='ltr'><strong>saeculi</strong></span> <span class='ocrx_word' id='word_1_178' title='bbox 355 3380 398 3415; x_wconf 88' lang='lat' dir='ltr'><strong>v11</strong></span> <span class='ocrx_word' id='word_1_179' title='bbox 412 3365 545 3428; x_wconf 83' lang='lat' dir='ltr'><strong>hominis,</strong></span> <span class='ocrx_word' id='word_1_180' title='bbox 563 3367 797 3434; x_wconf 74' lang='lat' dir='ltr'><strong>Agamemnonem</strong></span> <span class='ocrx_word' id='word_1_181' title='bbox 809 3377 937 3423; x_wconf 78' lang='lat' dir='ltr'><strong>sextum</strong></span> <span class='ocrx_word' id='word_1_182' title='bbox 951 3372 1038 3423; x_wconf 78' lang='lat' dir='ltr'><strong>fuisse</strong></span> <span class='ocrx_word' id='word_1_183' title='bbox 1051 3371 1186 3425; x_wconf 85' lang='lat' dir='ltr'><strong>uolumen</strong></span> 
     </span>
     <span class='ocr_line' id='line_1_35' title="bbox 230 3431 1185 3505; baseline 0.014 -25"><span class='ocrx_word' id='word_1_184' title='bbox 230 3431 350 3483; x_wconf 80' lang='lat' dir='ltr'><strong>dicentia</strong></span> <span class='ocrx_word' id='word_1_185' title='bbox 364 3431 407 3495; x_wconf 90' lang='lat' dir='ltr'><strong>(de</strong></span> <span class='ocrx_word' id='word_1_186' title='bbox 422 3437 581 3499; x_wconf 69' lang='lat' dir='ltr'><strong>septenario</strong></span> <span class='ocrx_word' id='word_1_187' title='bbox 595 3436 637 3489; x_wconf 92' lang='lat' dir='ltr'><strong>ed.</strong></span> <span class='ocrx_word' id='word_1_188' title='bbox 650 3438 716 3489; x_wconf 85' lang='lat' dir='ltr'><strong>Mai.</strong></span> <span class='ocrx_word' id='word_1_189' title='bbox 730 3438 840 3505; x_wconf 60' lang='grc'><strong>11588).</strong></span> <span class='ocrx_word' id='word_1_190' title='bbox 911 3440 937 3502; x_wconf 82' lang='lat'><strong>*)</strong></span> <span class='ocrx_word' id='word_1_191' title='bbox 950 3440 1073 3491; x_wconf 80' lang='lat' dir='ltr'><strong>Leniore</strong></span> <span class='ocrx_word' id='word_1_192' title='bbox 1086 3441 1185 3493; x_wconf 85' lang='lat' dir='ltr'><strong>ortho-</strong></span> 
     </span>
    </p>
   </div>
   <div class='ocr_carea' id='block_1_6' title="bbox 229 3500 1186 3619">
    <p class='ocr_par' dir='ltr' id='par_1_7' title="bbox 229 3500 1186 3619">
     <span class='ocr_line' id='line_1_36' title="bbox 229 3500 1186 3616; baseline 0.013 -68"><span class='ocrx_word' id='word_1_193' title='bbox 229 3500 367 3616; x_wconf 70' lang='lat' dir='ltr'><strong>⁸graphica</strong></span> <span class='ocrx_word' id='word_1_194' title='bbox 385 3516 437 3553; x_wconf 89' lang='lat' dir='ltr'><strong>nec</strong></span> <span class='ocrx_word' id='word_1_195' title='bbox 455 3517 510 3553; x_wconf 90' lang='lat' dir='ltr'><strong>non</strong></span> <span class='ocrx_word' id='word_1_196' title='bbox 528 3503 700 3557; x_wconf 80' lang='lat' dir='ltr'><strong>differentias</strong></span> <span class='ocrx_word' id='word_1_197' title='bbox 717 3507 882 3574; x_wconf 81' lang='lat' dir='ltr'><strong>typographi</strong></span> <span class='ocrx_word' id='word_1_198' title='bbox 902 3523 992 3559; x_wconf 86' lang='lat' dir='ltr'><strong>errore</strong></span> <span class='ocrx_word' id='word_1_199' title='bbox 1010 3514 1094 3559; x_wconf 74' lang='lat' dir='ltr'><strong>natea</strong></span> <span class='ocrx_word' id='word_1_200' title='bbox 1112 3512 1186 3560; x_wconf 85' lang='lat' dir='ltr'><strong>omi-</strong></span> 
     </span>
     <span class='ocr_line' id='line_1_37' title="bbox 246 3582 324 3619; baseline 0.038 -3"><span class='ocrx_word' id='word_1_201' title='bbox 246 3582 324 3619; x_wconf 78' lang='lat' dir='ltr'><strong>rmus.</strong></span> 
     </span>
    </p>
   </div>
   <div class='ocr_carea' id='block_1_7' title="bbox 0 0 1277 4046">
    <p class='ocr_par' dir='ltr' id='par_1_8' title="bbox 0 0 1277 4046">
     <span class='ocr_line' id='line_1_38' title="bbox 0 0 1277 4046; baseline 0 0"><span class='ocrx_word' id='word_1_202' title='bbox 0 0 1277 4046; x_wconf 95' lang='lat' dir='ltr'><strong> </strong></span> 
     </span>
    </p>
   </div>
  </div>
 </body>
</html>
