2544 4040
233 242 296 306 206
514 259 545 307 n.
563 257 697 305 anunm
714 256 870 305 sunnonis

233 398 335 457 limosa
351 400 469 476 pigrum
484 398 621 459 circumit
636 397 746 457 iontem
763 397 855 475 palus

198 496 216 545 b
277 481 1011 560 Hucutsacerdosintulitseniorgradum,

234 566 305 627 baut
321 574 365 628 est
379 575 521 628 moratus.
553 568 697 645 praestitit
712 572 828 626 noctem
843 565 935 626 locus.

234 661 295 712 tum
312 653 416 712 effossa
433 651 519 713 tellus
536 659 565 712 et
579 669 670 729 super
685 652 763 729 rapti
778 652 859 728 rogis

214 737 380 797 ‘iaciuntur
396 739 488 815 ignes.
521 739 584 814 ipse
599 737 718 796 funesto
735 736 838 813 integit

232 829 316 883 uates
332 823 439 882 amictu
456 839 566 901 corpus
581 828 611 880 et
625 819 762 880 frondem
778 822 878 896 quatit.

232 989 387 1068 lugubris
380 1007 455 1049 imos
470 987 546 1067 palla
562 937 713 1066 perfundit
728 989 828 1065 pedes

197 1077 223 1134 b'
276 1074 435 1154 Squalente
451 1074 531 1135 cuitu
547 1081 675 1134 maestus
690 1073 902 1150 ingreditur
917 1091 1040 1133 senex.

231 1159 384 1218 mortifera
402 1176 506 1219 canam
523 1168 607 1218 taxus
623 1158 780 1236 adstringit
796 1175 918 1218 comam.

230 1246 316 1321 nigro
333 1243 467 1303 bidentes
483 1242 594 1304 uellere
610 1250 697 1320 atque
713 1250 794 1302 atrae
809 1241 902 1302 boues

227 1336 316 1388 antro
331 1328 499 1388 trabuntur.
521 1326 527 1409 Ι
544 1329 718 1405 sangninem
733 1325 892 1387 libationis
1072 1347 1137 1395 570·
1155 1342 1219 1394 aro·

230 1412 397 1492 solidasque
412 1411 541 1491 pecudes
557 1413 617 1472 urit
633 1419 661 1472 et
677 1410 768 1471 multo
784 1429 904 1489 specum
1169 1431 1216 1480 52:

230 1505 342 1558 saturat
358 1514 473 1557 cruore.
495 1494 499 1575 Ι
520 1496 637 1557 flamma
654 1495 812 1573 praedatur
828 1496 926 1574 dapes.
1073 1514 1152 1565 5⁷8·
1168 1512 1219 1564 nrt*

229 1582 392 1659 uiuumque
407 1581 536 1660 trepidat
551 1583 618 1658 igne
636 1579 720 1640 ferali
736 1597 835 1658 pecus.
1055 1593 1076 1634 r.
1094 1595 1209 1636 cxxxxr

196 1690 211 1723 c
273 1667 364 1725 Vocat
379 1665 447 1726 inde
463 1683 588 1725 manes
603 1674 692 1744 teque
707 1666 757 1744 qui
772 1683 875 1725 manes
891 1665 971 1741 regis

230 1757 260 1809 et
275 1749 459 1810 obsidentem
476 1749 604 1810 claustra
619 1749 731 1810 lethaei
743 1748 824 1809 lacus

230 1851 410 1914 carmenque
425 1835 572 1911 magicum
588 1832 682 1895 uoluit
697 1842 727 1893 et
742 1833 846 1893 rabido
864 1835 960 1893 minax

229 1917 364 1979 decantat
379 1937 431 1979 ore
447 1919 585 1998 quicquid
601 1928 651 1979 aut
666 1917 761 1997 placat
777 1917 859 1979 leues

230 2010 279 2062 aut
294 2005 372 2080 cogit
387 2002 517 2063 umbras.

193 2086 217 2145 ι’
555 2086 640 2147 Libat
656 2095 684 2148 et
699 2088 818 2147 niueum
834 2088 955 2165 insuper

227 2170 310 2232 laetis
326 2169 469 2249 liquorem
485 2172 581 2232 fundit
595 2180 625 2232 et
640 2171 786 2232 bacchum
802 2188 891 2231 manu

227 2254 312 2317 laena
328 2257 465 2334 canitque
482 2274 585 2316 rursus
601 2273 636 2316 ac
652 2266 762 2316 terram
778 2258 895 2316 intuens

228 2342 366 2418 grauiore
381 2359 507 2401 manes
524 2359 598 2401 uoce
615 2349 643 2400 et
658 2342 778 2400 attonita
795 2343 874 2400 citat.

194 2434 210 2483 d
271 2424 403 2485 Latrauit
419 2425 544 2485 Hecates
561 2425 664 2492 turba,
681 2432 726 2485 ter
742 2423 834 2485 ualles
850 2442 939 2484 cauae

228 2525 356 2570 sonuere
374 2518 535 2579 maestum,
553 2517 612 2569 tota
631 2527 771 2570 succusso
787 2509 849 2569 solo

226 2591 339 2670 pulsata
356 2592 451 2654 telius.
485 2595 606 2654 ‘audior
615 2599 634 2663 '‚
650 2603 735 2655 uates
750 2595 803 2662 ait,

227 2679 309 2736 ‘rata
327 2677 416 2737 uerba
433 2678 509 2746 iudi,
527 2680 675 2757 rumpitur
692 2697 812 2738 caecum
829 2678 919 2737 cbaos

227 2763 360 2838 ‘iterque
375 2762 490 2840 populis
505 2762 579 2823 Ditis
595 2762 630 2822 ad
647 2782 773 2841 superos
789 2763 898 2823 datur?

294 3000 343 3049 580
357 3000 483 3049 circumit
495 3000 520 3048 E
532 2996 543 3065 Η
555 3002 604 3049 563
618 3004 674 3048 tum
688 2999 739 3048 EA
758 3007 817 3048 tuno
828 3006 851 3062 ψ
864 2994 875 3064 Η
888 2996 989 3048 effossa
1001 2998 1054 3049 ΕΑ
1068 2999 1147 3049 torsa

225 3063 468 3132 Fabriciicodeaeii
490 3069 539 3117 585
557 3068 681 3117 frondem
701 3066 752 3116 EA
771 3065 970 3128 frontemdfida
986 3062 1036 3131 Ηρ
1038 3073 1080 3115 oct
1096 3068 1146 3117 565

225 3149 297 3181 urrann
310 3149 409 3183 aternum
421 3137 549 3184 interiisse
560 3142 625 3216 puto
635 3130 646 3199 Η
659 3136 709 3185 568
727 3132 870 3198 perfundit
882 3141 926 3197 εψ
945 3133 1089 3198 pertundit
1102 3134 1126 3184 A
1137 3132 1147 3197 ,Ι
1191 3162 1211 3195 .

225 3203 275 3251 570
288 3205 367 3250 antro
385 3201 409 3250 Ε
428 3218 456 3251 re
460 3203 544 3253 troA
575 3199 586 3267 Η
615 3204 682 3251 inter
701 3204 759 3252 orni
776 3204 843 3250 inter
860 3201 1016 3251 hemistichia
1038 3219 1063 3250 ιι.
1083 3204 1144 3251 569·

225 3277 250 3319 et
270 3266 282 3301 i
305 3284 394 3318 acerrae
412 3269 475 3319 57612
490 3274 541 3319 577
553 3273 613 3320 578Ε
637 3267 648 3335 Η
707 3267 736 3319 ga
755 3284 822 3333 san
808 3268 918 3318 truinem
937 3268 1010 3317 libat
1028 3269 1100 3318 focio
1117 3268 1144 3317 Ε

224 3338 417 3401 Εερίοιιιοηιιιιιί
434 3337 498 3386 tiber
516 3339 617 3401 irrigat
635 3338 749 3402 sanguis
768 3338 846 3386 focos
866 3338 890 3386 A
919 3332 931 3402 Η
959 3337 1009 3387 577
1028 3335 1143 3386 solidat·

225 3420 276 3467 qne
295 3404 328 3452 Ε1
343 3402 415 3469 Η578
434 3404 544 3454 loetaiis
562 3422 583 3454 ω
613 3405 727 3463 lethaei
746 3405 822 3456 NHs.
833 3400 838 3470 Ι
862 3405 938 3454 iocus
958 3419 976 3454 ot
994 3420 1047 3453 err.
1066 3410 1145 3468 typ
1136 3402 1145 3447 Ι

224 3473 274 3520 580
293 3486 325 3519 ae
345 3472 369 3519 E
389 3474 417 3520 et
434 3471 459 3518 A
482 3467 495 3600 Η
519 3472 567 3519 581
588 3472 657 3520 citat
676 3472 700 3520 E
720 3472 817 3521 cietR
848 3469 852 3536 Ι
875 3473 925 3521 582
943 3487 993 3536 per
1012 3471 1036 3520 Ε
1054 3475 1097 3520 ter
1115 3472 1140 3520 A

225 3538 309 3584 etiam
328 3544 371 3584 ont
391 3541 458 3598 etur
518 3551 603 3586 carros
621 3537 645 3584 E
664 3552 752 3588 carrae
772 3540 796 3587 A
820 3534 832 3603 Η
