2536 4046
219 220 294 269 XXX
594 221 793 269 PRAEFATIO

221 374 433 451 697-736’t).
469 380 524 435 lam
537 380 694 437 lasciculum
711 379 787 436 illum
803 383 881 438 euius
903 389 1015 455 quartae
1031 383 1178 441 membra·

220 481 270 519 nae
284 463 527 521 limito—274
543 463 729 528 continebant,
744 465 826 522 huius
842 465 948 528 fabulae
963 467 1173 526 uuna—393

219 548 383 621 conplexum
403 565 465 604 esse
486 549 565 606 lacile
584 557 780 624 conputamus,
810 552 911 625 quippe
931 553 1046 608 uicenos
1066 569 1176 609 uersus

219 633 343 706 singulas
355 633 468 707 paginas
481 634 589 695 habere.
605 634 632 690 in
648 627 825 709 personarum
838 635 1034 692 mutationibus
1045 636 1126 693 binos
1139 639 1171 692 in

219 717 338 775 exordiis
359 733 518 775 scaenarum
539 719 664 793 singulos
684 721 816 793 inpensos
838 736 899 777 esse
922 738 1020 778 uersus
1041 721 1174 778 llitsclre·

218 800 272 865 lius
289 809 415 859 testetur.
445 803 518 861 Haeo
533 805 620 881 igitur
634 804 694 863 eius
709 805 831 889 fasciculi
847 813 907 862 erat
922 807 1043 880 species:

453 922 510 978 l'ol.
599 923 627 978 l.
652 922 717 979 bled.
742 922 889 981 87-126

618 1048 624 1061 .
720 1006 888 1064 127-165

617 1131 624 1145 .
720 1090 887 1149 166-195

616 1218 623 1230 .
719 1175 909 1235 196-234

617 1301 623 1314 .
718 1259 909 1317 235-274

615 1358 655 1400 .“
719 1342 881 1402 275-331

617 1472 623 1484 .
718 1428 885 1488 332-352

618 1555 625 1568 .
682 1512 886 1571 Ἰ353--393

281 1644 405 1702 Proxima
421 1649 567 1720 quaternio
584 1648 741 1706 continebat
756 1648 824 1703 lled.
837 1647 1014 1711 394-696,
1029 1648 1047 1705 i.
1063 1665 1087 1705 e.
1100 1649 1166 1709 302

217 1746 316 1786 uersus
338 1732 364 1787 in
382 1730 444 1789 320
465 1732 544 1789 lineis
566 1741 597 1788 ut
612 1732 692 1790 bodie
713 1733 881 1806 adpellamus
901 1749 1068 1790 -numero
1090 1734 1163 1790 enim

217 1814 278 1873 302
293 1815 376 1871 addas
392 1832 507 1873 necesse
523 1825 566 1874 est
582 1817 638 1880 18.
661 1827 722 1873 eum
739 1817 778 1874 15
801 1817 928 1874 uersibus
948 1833 1082 1892 personae
1103 1835 1163 1875 mu-

218 1908 311 1956 tentur
327 1908 370 1956 ter
384 1917 497 1958 scaenae
512 1900 558 1959 liat
580 1903 719 1959 exordium
737 1932 784 1965 -‚
806 1903 878 1958 uude
893 1909 1104 1960 consectaneum
1119 1911 1164 1959 est

216 1985 355 2060 singulum
370 1984 437 2041 illud
452 1984 548 2042 lolium
565 1988 593 2043 in
609 2005 663 2061 quo
680 1995 745 2049 sunt
756 1986 823 2042 bled.
832 1986 999 2045 out-736
1016 1989 1163 2060 primum

216 2069 329 2128 luisse
351 2072 610 2143 quaternionis.
647 2069 761 2145 Reliqua
775 2088 839 2145 pers
855 2071 962 2129 Medeae
977 2072 1047 2128 banc
1061 2088 1162 2128 nouam

217 2155 426 2231 quaternionem
447 2156 621 2229 conpleuisse
642 2156 751 2212 uidetur
767 2157 887 2229 exceptis
908 2155 1012 2212 ultimis
1034 2157 1052 2212 7
1073 2158 1162 2212 nemi·

215 2238 275 2295 bus.
311 2237 415 2295 Etenim
436 2257 463 2295 u.
481 2239 670 2299 aaa—1035
692 2248 810 2314 aequant
831 2240 893 2299 238
916 2257 1045 2297 uersuum
1067 2257 1162 2297 nume·

215 2341 288 2386 rum,
303 2326 350 2399 qui
361 2325 454 2383 decem
466 2325 593 2383 uersibus
606 2326 747 2400 augendus
759 2332 802 2382 est
817 2354 852 2365 —
868 2335 909 2382 ter
921 2342 1018 2382 scaeua
1029 2334 1161 2388 mutatur,

215 2411 336 2484 septiens
358 2427 476 2485 persona
498 2413 525 2467 in
548 2412 669 2486 septenis
690 2410 816 2467 uersibus
841 2440 876 2450 -
903 2412 941 2467 ita
963 2417 994 2466 nt
1014 2409 1075 2468 308
1097 2426 1161 2466 uer-

215 2511 294 2550 suum
310 2511 440 2551 numerus
455 2496 562 2553 euadat.
593 2496 641 2553 llis
657 2494 695 2551 21
712 2494 881 2558 detrahendi,
898 2494 937 2551 12
953 2493 1024 2552 enim
1040 2510 1161 2550 monom.

215 2593 292 2652 anap.
309 2584 336 2633 et
351 2577 393 2635 30
407 2578 471 2633 dim.
487 2579 567 2635 iamb.
584 2579 725 2653 probabile
741 2587 784 2635 est
796 2578 835 2635 21
853 2579 979 2636 uersibus
995 2578 1056 2651 (ie.
1068 2577 1160 2649 lineis)

215 2661 363 2735 discriptos
385 2660 535 2734 luisse**).
575 2664 670 2737 ltaque
692 2662 753 2721 287
770 2680 868 2720 uersus
889 2664 1069 2720 relincuntui'.
1101 2662 1161 2718 Pri·

213 2844 369 2910 blbtterpsr
384 2845 423 2896 ist
439 2843 488 2896 das
505 2843 543 2895 2ιι
560 2846 637 2894 eines
655 2845 801 2909 quaternio
819 2859 961 2910 genesen,
986 2860 1041 2896 von
1057 2859 1161 2894 sussen

213 2912 264 2964 her
277 2911 385 2981 [immor
398 2929 474 2977 „von
485 2913 570 2963 innen
582 2908 661 2978 her“]
676 2912 810 2978 gezdlt“),
828 2928 892 2964 unm
904 2927 1001 2963 uersus
1013 2914 1160 2964 tae-nlo

213 2996 266 3032 non
285 2986 415 3047 poterant
433 2981 547 3048 perduc
561 2981 719 3030 continuari
735 2980 804 3047 folia
817 2980 962 3031 sedunum
980 2979 1161 3045 conplebant.

282 3049 309 3111 *)
332 3064 386 3099 non
402 3050 537 3101 697-747
556 3064 616 3098 eum
635 3046 762 3113 singulae
779 3048 899 3114 paginae
916 3047 1069 3098 Ritscbelio
1087 3050 1160 3098 teste

212 3117 371 3167 nicenorum
393 3131 521 3168 uersuum
544 3129 599 3166 non
621 3119 766 3167 transeant
786 3130 938 3166 numerum.
1008 3114 1052 3174 ”l
1074 3114 1160 3165 Binos

212 3198 309 3234 uersus
322 3185 465 3236 breuiores
479 3187 507 3234 in
520 3183 643 3249 singulos
655 3183 798 3234 librarium
812 3187 955 3234 constasse
970 3197 1030 3233 eum
1048 3182 1160 3231 omnino

213 3252 250 3301 sit
267 3252 326 3304 ueri
344 3253 449 3317 simile,
473 3257 529 3302 tum
551 3260 720 3318 anapaestos
738 3251 847 3317 quidem
869 3251 994 3302 dimetria
1011 3250 1161 3314 discriptos

213 3334 275 3372 esse
300 3324 418 3373 constat.
455 3320 535 3383 Quod
556 3320 611 3370 nisi
634 3320 734 3371 statuis
756 3318 831 3369 nullo
855 3324 939 3385 paeto
961 3316 1068 3369 efficies
1085 3316 1158 3367 Med.

211 3402 238 3438 u.
253 3390 315 3454 697,
335 3391 382 3456 qui
399 3403 430 3438 rs
446 3403 513 3439 uera
532 3392 576 3438 est
594 3389 696 3454 primus
709 3387 760 3438 foti
777 3402 891 3451 uersus,
909 3402 926 3436 a
942 3401 1014 3437 nouo
1032 3384 1099 3435 lolio
1117 3384 1160 3433 in-

213 3454 314 3521 cipere.
351 3458 491 3509 Dimetros
510 3462 602 3507 autem
620 3456 702 3508 ismb.
721 3455 878 3519 (aot-886)
897 3454 944 3520 qui
961 3453 1087 3503 dimetris
1103 3465 1159 3500 non

212 3526 383 3579 tetrametris
401 3525 548 3591 discriptos
567 3523 653 3575 fuisse
670 3524 699 3573 in
716 3524 769 3577 hoc
787 3524 884 3574 codiee
901 3520 1009 3572 mauolt
1021 3523 1157 3583 statuere,
