2484 4044
489 261 641 310 OCTAVIA

106 407 186 464 inter
203 412 323 480 penates
338 402 437 463 iratris
453 411 482 463 et
492 378 625 482 patrium
641 401 742 463 larem.

106 491 155 550 fax
172 486 219 548 iila
235 507 322 568 quam
338 496 438 549 secuta
455 506 486 548 es
502 489 650 563 Augustae
665 505 756 548 manu

106 572 238 653 praedata
255 572 366 633 clarum
383 590 493 641 nomen
508 572 619 632 inuidia
636 571 687 631 tibi

107 666 224 736 partum
240 660 398 720 ominatur.
428 656 557 717 interum
573 656 659 717 sedes
674 662 756 715 toros

105 740 226 804 stabiles
242 741 358 803 iuturos
374 741 500 819 spondet
516 748 652 802 aeternae
668 741 774 801 domus

105 826 206 903 iugulo
222 828 303 905 quod
319 844 420 886 ensem
436 825 568 886 condidit
583 827 722 905 princeps
739 832 820 886 tuus:

104 911 181 972 belia
197 911 277 972 haud
292 910 437 981 moucbit,
455 929 527 990 pace
543 910 595 971 sed
611 910 723 970 ferrum
740 917 828 988 teget.

105 994 247 1074 recollige
264 999 410 1065 animum,
427 996 527 1072 recipe
542 996 680 1055 laetitiam
698 1011 805 1073 precor

104 1083 212 1140 timore
226 1080 322 1157 pulso.
354 1080 445 1141 redde
461 1089 490 1142 te
505 1079 640 1141 thalamis
654 1081 721 1140 tuis.

105 1178 182 1226 POP.
201 1164 325 1225 delubra
341 1173 370 1225 et
386 1183 451 1225 aras
466 1172 570 1243 petere
585 1166 724 1225 constitui
739 1181 838 1224 sacras

104 1251 198 1310 caesis
214 1248 298 1310 litare
315 1250 443 1311 uictimis
459 1267 570 1310 numen
585 1249 690 1319 deum,

104 1341 138 1393 ut
153 1336 309 1413 expientur
325 1335 420 1395 noctis
436 1342 466 1393 et
480 1335 577 1393 somni
593 1334 689 1393 minae

105 1425 263 1497 terrorque
277 1419 307 1477 in
323 1417 423 1479 hostes
438 1418 540 1478 redeat
555 1419 696 1478 attonitus
712 1436 804 1481 meos.

105 1506 118 1563 i
132 1510 200 1561 uota
216 1521 271 1582 pro
286 1520 334 1562 me
349 1503 466 1579 suscipe
482 1510 510 1562 et
525 1501 666 1581 precibus
682 1504 737 1580 piis

104 1604 230 1665 superos
246 1587 335 1647 adora
351 1590 472 1647 mandat
487 1593 519 1647 ut
534 1603 675 1664 praesens
690 1595 796 1647 metus.

489 1767 636 1815 OHORVS.

274 1890 305 1951 Si
321 1909 392 1951 uera
408 1891 517 1968 loquax
532 1890 610 1950 sama
625 1892 754 1951 tonantis

231 1976 308 2035 furta
325 1985 355 2036 et
370 1985 471 2054 gratos
488 1983 588 2036 narret
603 1993 733 2042 amores,

233 2076 320 2137 quem
338 2060 426 2119 modo
442 2059 540 2120 Ledae
554 2061 698 2137 pressisse
714 2060 811 2119 sinum

230 2151 341 2204 tectum
358 2143 465 2221 plumis
484 2145 650 2222 pennisque
666 2144 781 2210 serunt,

230 2229 318 2289 modo
336 2246 390 2307 per
405 2228 512 2290 fluctus
527 2236 641 2306 rapiam
658 2228 798 2306 Europen

229 2322 348 2374 taurum
365 2321 449 2391 tergo
465 2321 598 2392 portasse
613 2320 742 2373 trucem:

273 2448 354 2519 Quae
370 2448 447 2526 regit
462 2457 491 2508 et
506 2465 585 2507 nunc
601 2448 717 2508 deseret
733 2456 826 2516 astra,
870 2433 873 2437 ’

231 2538 310 2611 petet
325 2531 477 2609 amplexus
492 2531 630 2610 Poppaea
647 2539 712 2591 tuos

232 2633 305 2694 quos
321 2624 349 2677 et
364 2617 460 2678 Ledae
478 2617 629 2695 praeierre
644 2623 743 2694 potest

171 2872 219 2922 761
238 2872 311 2922 inter
322 2889 343 2921 ω
362 2871 437 2918 intro
450 2886 468 2919 u
480 2866 491 2935 ΙΙ
505 2870 553 2919 762
571 2875 668 2920 secuto
686 2871 749 2921 1713
762 2867 774 2936 ΙΙ
786 2876 904 2934 angusta
923 2870 987 2920 1713
1007 2871 1019 2933 ΙΙ

100 2940 153 2991 764
170 2940 321 2990 oominatur
335 2934 376 3004 Oli
389 2938 438 2987 766
451 2938 521 3001 quod
534 2953 633 3001 sprscr.
646 2952 725 3002 quem
741 2940 761 2988 0
778 2952 807 3002 q)
818 2939 921 2988 171213
934 2934 945 3002 ΙΙ
958 2942 1021 2986 tuus

102 3024 124 3057 ω
142 3012 190 3058 tuo
205 3008 309 3072 Lipsius
327 3008 414 3056 ‘codd
434 3011 522 3055 nono)
542 3006 619 3056 NHs.
638 3007 697 3055 uide
711 3007 746 3055 ad
756 3023 781 3056 u.
795 3007 843 3055 747
856 3002 867 3070 d
881 3005 929 3054 767
948 3003 1022 3054 haud

102 3091 172 3126 corr.
191 3091 227 3125 ex
246 3079 293 3124 aut
311 3075 372 3124 1712
390 3088 489 3123 uersum
506 3088 554 3124 om.
571 3075 595 3122 V
606 3070 617 3139 {i
630 3076 679 3123 772
700 3074 812 3136 expient
828 3071 892 3122 1713
905 3068 917 3138 [1
928 3072 1023 3123 minax

102 3144 166 3193 R13
177 3138 191 3208 ss
202 3144 251 3193 774
264 3147 292 3192 et
303 3145 372 3191 uota
383 3158 404 3191 ω
418 3146 452 3189 tu
464 3146 532 3190 note
547 3141 624 3191 Gron.
638 3143 657 3202 i,
670 3145 737 3191 trote
749 3141 845 3203 scripsi
856 3140 991 3191 cumNHs.
1007 3142 1020 3204 d

99 3211 154 3261 776
170 3215 265 3260 monet
281 3213 312 3258 ut
330 3211 355 3259 A
373 3212 486 3258 maneat
504 3213 534 3274 ut
555 3210 581 3257 V
592 3209 695 3258 171213
713 3208 837 3257 mandat
854 3212 885 3258 ut
902 3209 1022 3270 scripsie

102 3280 169 3329 coni.
183 3278 258 3326 NHs.
278 3285 393 3327 emanet
404 3281 435 3325 ut
447 3277 571 3326 cidiitter
582 3271 593 3339 d
607 3277 656 3325 776
668 3274 766 3339 loquar
778 3276 799 3325 0
814 3275 912 3339 loquor
924 3277 950 3325 Α
960 3276 1022 3325 1712

101 3346 185 3409 loqui
208 3345 271 3395 1713
289 3345 398 3409 loquax
415 3362 434 3395 α
453 3346 463 3407 (
469 3346 495 3393 V
498 3342 521 3407 1)
539 3340 551 3410 d
568 3346 616 3394 777
635 3349 730 3393 narret
749 3339 790 3409 011
802 3344 852 3393 778
872 3357 924 3407 que
943 3343 1022 3392 modo

100 3414 124 3464 0
135 3414 199 3464 1713
223 3413 356 3476 quemodo
375 3429 444 3463 corr.
464 3427 499 3462 ece
519 3410 646 3476 quimodo
669 3412 695 3460 V
709 3407 720 3476 d
737 3414 787 3461 779
806 3409 906 3475 puimis
924 3409 988 3460 1713
1008 3410 1021 3474 ΙΙ

100 3482 190 3532 ferum
210 3481 306 3531 01713
324 3483 350 3530 ic
367 3496 449 3544 marp.
467 3479 493 3529 B
511 3480 572 3529 1712
603 3478 696 3529 ferunt
719 3481 743 3530 Α
756 3475 768 3544 ΙΙ
780 3481 829 3530 782
848 3478 951 3530 deserit
970 3479 991 3528 0
1009 3479 1022 3545 Η

97 3550 150 3600 783
168 3554 248 3614 peret
267 3549 330 3598 1713
354 3553 430 3613 petet
448 3563 517 3599 corr.
536 3547 661 3611 eoeperit
682 3549 708 3597 V
728 3544 740 3614 [l
