2576 4044
230 260 295 325 394
619 273 762 321 moseri

195 441 211 475 e
359 412 422 473 Osi
439 419 557 492 pateant
572 421 728 492 pectora
745 413 869 474 ditum.

315 507 440 576 quantos
455 499 534 558 intus
549 497 684 558 sublimis
699 507 766 574 agat

314 583 432 644 lortuna
449 590 579 643 metus.
612 581 719 642 bruttia
736 600 807 642 coro

313 666 451 747 pulsante
466 667 575 728 fretum
592 667 687 728 lenior
702 666 780 727 unda
797 675 849 727 est.

315 770 425 813 aurea
443 753 546 812 miscet
561 751 695 830 pocula
711 753 841 827 sanguis.

357 921 516 982 Pectora
532 937 795 999 paupersecura
811 920 887 998 gerit

315 1013 396 1066 tenet
412 1015 441 1065 et
456 1004 554 1084 patula
570 1004 704 1083 pocula
722 1006 804 1082 fago,

316 1090 443 1150 sednon
461 1089 575 1168 trepida
594 1097 674 1150 tenet
688 1088 735 1149 illa
754 1105 850 1149 manu.

316 1177 411 1253 carpit
427 1172 526 1236 faciles
542 1173 673 1253 uilesque
689 1173 787 1249 cibos,

308 1259 366 1343 'sed
385 1277 444 1320 nou
461 1261 578 1321 strictos
594 1260 716 1337 respicit
731 1276 825 1320 enses.
841 1258 844 1263 ’

359 1429 492 1490 Coniunx
508 1428 625 1489 modico
641 1435 730 1505 nupta
748 1426 855 1487 marito

316 1531 375 1572 non
393 1513 534 1591 disposito
551 1512 629 1573 clara
645 1510 746 1573 monili

312 1606 413 1675 ,gestat
429 1596 525 1675 pelagi
541 1598 618 1658 dona
635 1595 769 1657 rubentis

315 1700 372 1741 nec
387 1683 577 1760 gemmiferas
595 1681 723 1742 detrahit
738 1698 828 1742 aures

316 1765 390 1843 lapis
406 1783 469 1827 eoa
486 1765 608 1827 lectus
623 1767 653 1825 in
670 1766 748 1827 unda

359 1933 421 1995 Nec
439 1936 552 1996 sidonio
569 1935 665 1996 mollis
681 1954 755 1996 aeno

316 2021 440 2098 repetita
457 2019 532 2080 bibit
547 2020 613 2080 lana
629 2018 748 2082 ruboris

316 2122 371 2164 nec
387 2107 519 2166 maeonia
536 2105 691 2182 distinguit
705 2124 759 2165 acu

317 2208 392 2268 quae
406 2189 548 2267 phoebeis
564 2189 698 2250 subditus
715 2192 794 2250 euris

316 2273 409 2351 legit
425 2275 502 2334 eois
518 2274 572 2334 Ser
589 2273 755 2335 arboribus,

360 2442 514 2515 Quaelibet
529 2442 640 2504 herbae
656 2445 771 2504 tinxere
788 2443 868 2503 colos

317 2545 389 2608 quas
405 2527 539 2588 indoctae
556 2546 665 2589 neuere
683 2546 802 2597 manus,

316 2694 367 2755 sed
384 2713 443 2755 non
460 2696 567 2757 dubios
582 2699 665 2758 louet
679 2697 728 2758 illa
745 2705 852 2759 toros..

359 2862 498 2942 Sequitur
514 2865 577 2927 dira
593 2866 728 2945 lampade
745 2867 851 2945 Erinys

317 2966 442 3028 quarunt
458 2949 561 3029 populi
578 2950 696 3012 coluere
712 2952 799 3012 diem.

300 3152 349 3203 ote
369 3155 430 3219 egit
443 3154 482 3203 εΑ
503 3158 570 3218 agat
581 3153 604 3203 lt
615 3150 626 3219 ll
638 3155 688 3205 665
706 3153 794 3204 lenior
812 3154 837 3203 Ε
855 3154 948 3203 mitior
960 3154 985 3202 A
1001 3159 1063 3217 poet
1079 3153 1104 3201 b.
1124 3169 1152 3202 u.

231 3218 542 3286 reuocauiu.661l}65‘l
561 3226 639 3270 tenet
658 3237 672 3271 e
692 3221 788 3286 patule
806 3223 831 3272 A
851 3228 871 3271 t.
886 3225 914 3271 et
932 3238 959 3286 p.
978 3221 1002 3271 rt
1019 3225 1039 3270 t.
1053 3219 1154 3285 patula

232 3285 291 3351 (om.
311 3304 325 3338 a
344 3292 386 3339 uel
403 3288 441 3352 et)
461 3289 486 3338 E
509 3286 520 3355 ll
544 3290 594 3339 668
611 3288 662 3338 illa
681 3289 705 3337 E
728 3291 790 3353 ipse
808 3291 833 3340 A
852 3290 911 3354 ipse
930 3288 980 3352 Ilp
1003 3284 1015 3354 ll
1038 3288 1088 3338 668
1106 3302 1155 3337 ru·

231 3356 306 3407 boris
324 3358 372 3408 red
388 3362 472 3407 statim
488 3374 531 3421 pr.
551 3373 582 3406 m.
602 3360 707 3407 mutauit
725 3358 750 3407 E
768 3358 882 3407 rubores
900 3358 926 3407 A
947 3352 960 3423 ll
980 3358 1028 3407 671
1048 3356 1155 3420 Lagut

231 3427 321 3476 uitiose
340 3442 358 3476 α
375 3421 387 3491 ΙΙ
406 3425 550 3477 arboribus
569 3438 613 3473 ser
632 3425 657 3474 Ε
676 3424 727 3474 Ser
745 3426 892 3475 arboribus
910 3426 935 3475 A
954 3439 1030 3475 seres
1050 3423 1108 3474 arb.
1128 3432 1155 3485 ψ

232 3506 314 3554 seges
334 3493 391 3544 nrb.
408 3489 518 3557 911672
537 3489 612 3540 colos
630 3490 664 3539 E¹
679 3494 704 3541 A
720 3489 732 3557 ll
748 3498 807 3542 ante
825 3509 849 3542 u.
870 3495 920 3543 674
942 3494 1060 3542 interisse
1078 3506 1155 3540 unum
1262 3518 1263 3533 t

232 3573 257 3604 u.
275 3558 396 3607 indicaui.
421 3555 433 3622 ll
456 3559 505 3608 676
525 3558 645 3618 Quarum
664 3558 713 3618 Εψ
733 3558 862 3619 Quorum
882 3575 901 3608 ot
925 3556 937 3625 ll
