2576 4044
522 301 722 350 AGAMEMNO

165 449 277 502 armata
293 441 388 502 Pallas
406 441 545 519 quicquid
561 449 611 502 ant
626 442 708 502 hasta
724 442 823 500 minax

164 534 214 587 aut
228 526 330 603 aegide
346 535 374 587 et
390 526 491 587 lurore
507 543 659 604 gorgoneo
676 533 786 604 potest,

164 618 214 671 aut
229 613 298 689 igne
314 612 408 688 patrio
424 619 549 689 temptat
565 620 594 670 et
609 609 691 671 caelo
706 627 803 670 nouae

163 697 276 773 spirant
291 694 449 774 procellae.

480 778 567 840 Solus
582 780 709 839 inuictus
724 777 809 838 malis

97 890 99 893 ·
163 863 290 925 luctatur
304 865 405 924 Aiax.
436 862 503 925 uela
520 871 674 940 cogentem
689 863 769 923 hunc
784 880 836 922 sua

163 955 242 1009 tento
258 948 384 1010 rudente
399 948 517 1008 llamma
533 949 704 1025 perstrinxit
720 947 837 1008 cadens.

163 1033 288 1093 libratur
304 1032 381 1094 aliud
399 1032 517 1093 tulmen.
550 1033 608 1093 hoc
622 1039 684 1092 toto
699 1034 812 1109 impetu

163 1124 278 1177 certum
293 1118 415 1178 reducta
431 1116 526 1178 Pallas
542 1117 672 1178 excussit
686 1134 776 1177 manu

162 1203 273 1262 imitata
288 1210 414 1281 patrem.
445 1203 549 1262 transit
563 1202 682 1261 Aiacem
699 1208 729 1261 et
742 1208 836 1260 ratem

162 1289 295 1363 ratisque
311 1294 424 1366 partem
441 1304 543 1346 secum
560 1294 589 1345 et
602 1286 720 1346 Aiacem
737 1283 811 1344 tulit.

206 1369 253 1429 Nil
269 1370 317 1430 ille
334 1379 431 1431 motus
446 1370 538 1431 ardua
554 1379 586 1429 ut
601 1379 701 1430 cautes
716 1368 778 1428 salo

163 1453 318 1515 ambustus
334 1461 426 1524 extat,
444 1455 556 1514 dirimit
569 1455 705 1513 insanum
721 1470 803 1513 mare

162 1538 328 1617 fluctusque
343 1541 455 1617 rumpit
469 1546 590 1617 pectore
606 1547 636 1598 et
650 1555 757 1598 nauem
774 1554 863 1598 manu
920 1594 924 1601 .

163 1621 325 1701 conplexus
340 1624 370 1682 in
385 1642 417 1684 se
432 1625 521 1684 traxit
535 1631 564 1683 et
578 1641 667 1683 caeco
682 1624 757 1682 mari

163 1706 301 1768 conlucet
314 1708 411 1768 Aiax.
443 1725 531 1769 omne
547 1706 717 1785 resplendet
732 1707 850 1768 fretum.

162 1792 282 1852 tandem
299 1800 440 1870 occupata
456 1810 533 1871 rupe
548 1791 740 1852 furibundum
756 1791 870 1851 intonat
1098 1801 1148 1851 565

163 1895 319 1954 superasse
335 1895 414 1937 nunc
430 1894 461 1937 se
478 1875 600 1956 pelagus
615 1884 702 1955 atque
716 1877 810 1952 ignes,
841 1875 943 1935 ‘iuuat

164 1962 270 2022 uicisse
285 1960 399 2022 caelum
415 1960 564 2022 Palladem
581 1959 692 2021 fulmen
709 1978 800 2020 mare.
885 1967 890 1976 '

206 2045 270 2104 Non
287 2064 334 2106 me
350 2047 464 2123 fugauit
477 2045 577 2106 bellici
592 2054 691 2106 terror
707 2046 753 2105 dei

165 2137 194 2189 et
208 2128 367 2190 llectorem
383 2148 441 2190 una
456 2129 537 2192 solus
554 2141 583 2191 et
597 2130 721 2190 Martem
737 2128 789 2189 tuli

163 2213 297 2292 phoebea
313 2232 369 2274 nec
387 2233 434 2275 me
449 2214 506 2275 tela
522 2213 703 2294 pepulerunt
718 2212 821 2292 gradu.

164 2314 231 2357 cum
246 2298 412 2377 Phrygibus
426 2300 499 2358 istos
515 2300 650 2360 uicimus.
681 2307 749 2359 tene
765 2297 922 2358 horream?

163 2379 258 2443 aliena
273 2384 362 2443 inerti
377 2382 433 2444 tela
449 2385 540 2444 mittis
555 2383 687 2444 dextera.

164 2466 234 2544 quid
251 2468 275 2526 si
289 2470 354 2544 ipsc
369 2468 499 2527 mittatl'

534 2552 622 2612 Plura
639 2569 705 2612 cnm
722 2550 846 2612 auderet
859 2550 976 2620 furens,

162 2633 291 2695 tridente
306 2653 411 2714 rupem
428 2634 545 2696 subruit
559 2635 674 2713 pulsam
690 2644 775 2715 pater

162 2718 317 2798 Neptunus
331 2721 397 2779 imis
413 2738 537 2781 exerens
553 2720 639 2781 undis
655 2730 744 2799 caput

162 2802 309 2881 soluitque
325 2811 455 2865 montem
472 2823 559 2883 quem
576 2805 685 2865 cadens
700 2814 801 2865 secum
819 2803 883 2865 tulit

140 2956 143 2961 g
162 2895 301 2968 terraque
317 2896 346 2950 et
360 2891 428 2967 igne
444 2890 541 2950 uictus
556 2896 586 2950 et
600 2889 704 2968 pelago
720 2890 805 2950 iacet.

229 3044 278 3092 551
298 3047 346 3092 aut
365 3041 458 3092 furore
478 3043 517 3093 εΑ
537 3046 570 3091 et
590 3042 668 3092 &aa
687 3044 727 3092 ed.
748 3042 821 3091 1661
845 3038 857 3106 11
880 3042 929 3092 555
948 3040 1036 3091 Tento
1054 3040 1079 3088 Ε

161 3109 253 3160 ’15555
272 3110 297 3159 Α
321 3106 333 3175 11
356 3110 405 3160 551
424 3110 537 3159 Tortum
557 3110 680 3160 Iordanes
691 3111 825 3160 Pantanus
842 3124 878 3159 eac
895 3109 952 3159 cod
970 3108 1078 3157 515155-

85 3198 88 3206 ·
162 3175 245 3241 1551
281 3176 919 3242 5595155515115111155151151515555]
937 3178 1080 3227 Pantanus.

161 3244 233 3306 Mop
256 3240 423 3309 15631555
442 3262 463 3295 ω
486 3245 556 3309 ipse
574 3245 625 3297 Bo
641 3242 720 3311 11565
738 3243 900 3295 furibundus
918 3244 1052 3309 IlpMog.
1071 3240 1080 3309 11

161 3311 212 3361 565
230 3325 303 3361 nunc
321 3327 350 3362 55
369 3314 394 3363 A
413 3328 443 3363 se
461 3329 509 3363 om
529 3309 636 3379 1111511
656 3317 720 3363 tene
738 3312 864 3362 horream
883 3312 949 3361 Ean
967 3311 1080 3361 tandem

161 3379 190 3431 h.
208 3379 233 3428 A
258 3375 270 3444 11
293 3381 342 3430 ota
360 3380 460 3431 Aliena
477 3381 562 3430 inerti
580 3380 637 3430 1515
654 3379 821 3445 pepulerunt
838 3379 924 3444 gradu
942 3379 967 3428 E
997 3378 1068 3432 At·
1059 3395 1078 3431 1

161 3445 221 3497 telo
240 3447 315 3496 mitti
332 3448 447 3498 dextera
465 3450 489 3498 A
518 3453 537 3497 t.
557 3449 645 3498 mittis
662 3448 777 3498 dextera
794 3448 834 3497 nu
861 3446 919 3498 tela
937 3446 1080 3511 perden-

161 3520 229 3565 tem
247 3530 344 3565 manu
365 3516 443 3567 Groo.
475 3515 686 3566 iaculantem
704 3519 746 3566 uel
774 3516 1079 3565 mittentemmunu

161 3580 325 3649 1111511511
343 3583 441 3648 Terra)
460 3599 529 3635 corr.
548 3591 678 3633 extorre
695 3583 720 3633 Ε
742 3580 754 3649 11

812 3663 875 3727 22*
