2544 4040
210 195 283 262 ‘154
501 212 531 257 n.
549 211 682 257 nonant
699 211 854 258 sennenn

220 370 322 413 euersa
339 351 376 412 ab
392 353 451 410 imo
468 367 558 426 regna
574 358 618 410 tot
633 349 760 428 populos
777 358 924 427 premunt.

221 432 363 497 sileantur
379 435 467 495 aliae:
491 435 551 495 sola
568 435 696 494 coniunx
711 437 801 512 Aegei

221 521 324 582 Medea
340 520 445 580 reddet
459 519 583 579 laminas
598 520 693 580 dirum
711 538 814 597 genus.

187 632 203 666 ο
263 619 366 665 nvrn.
388 605 447 665 Cur
463 606 595 664 omnium
611 605 642 663 lit
657 603 742 681 culpa
758 621 920 682 paucarum
935 601 1052 664 soelnsi

221 703 312 749 Hirr.
338 689 469 749 detestor
485 690 581 749 omnis
597 688 706 749 horreo
722 689 802 766 logio
819 705 953 749 execror.

221 774 348 835 sitiatio
364 775 401 834 sit
415 780 519 833 natura
535 775 572 833 sit
587 774 680 834 durus
695 772 795 841 furor,

221 859 319 919 odisse
334 859 453 937 placuit.
485 858 604 935 ignibus
619 861 725 935 iunges
740 875 833 934 aquas

222 952 251 1004 et
266 944 359 1003 amica
375 943 487 1003 ratibus
502 951 569 1002 ante
586 943 731 1021 promittit
747 943 821 1002 uada

221 1029 333 1087 incerta
350 1027 457 1106 Syrtis,
474 1035 542 1087 ante
557 1026 593 1087 ab
610 1036 743 1087 extremo
759 1029 825 1086 sinu

220 1111 358 1190 hesperia
374 1110 483 1190 Tethys
498 1110 628 1172 luridum
645 1111 758 1171 attollet
773 1111 849 1171 diem

222 1205 251 1256 et
266 1214 318 1256 ora
334 1195 427 1256 damis
442 1194 549 1256 blanda
565 1195 752 1274 praebebunt
766 1195 842 1273 lupi,

134 1334 140 1347 ,
222 1299 311 1360 quam
326 1283 423 1341 uictus
438 1281 568 1341 animum
584 1281 710 1342 sentinae
727 1282 827 1340 mitem
844 1297 956 1357 geram.

183 1367 209 1426 n'
221 1380 234 1403 ⁶
264 1379 367 1426 NVTR.
393 1365 487 1443 Saepe
503 1364 656 1425 obstinatis
672 1365 766 1425 induit
780 1365 882 1451 [renos
897 1382 980 1424 arnor

223 1458 252 1511 et
267 1451 332 1510 odia
348 1456 449 1510 mutat.
481 1468 572 1527 regna
589 1456 722 1510 materna
737 1449 870 1528 adspice:

220 1534 288 1595 illae
304 1535 419 1594 feroces
434 1536 564 1594 sentiunt
579 1533 701 1595 Veneris
716 1535 832 1610 iugum,

220 1620 339 1678 testaris
354 1618 431 1677 istud
448 1620 553 1678 unicus
570 1619 665 1695 gentis
679 1637 764 1697 puer.

222 1716 315 1762 ΗΙΡΡ.
340 1702 470 1763 solamen
488 1720 580 1763 unum
597 1704 698 1763 matris
714 1704 839 1762 amissae
855 1702 919 1761 sero

222 1786 319 1847 odisse
335 1787 412 1864 quod
427 1789 486 1847 iam
502 1788 625 1847 feminas
640 1804 743 1846 omnes
757 1786 836 1847 lieet.

187 1872 212 1931 0'
266 1885 368 1932 nvrss.
387 1874 423 1932 Vt
439 1872 512 1932 dura
529 1880 630 1932 cantes
646 1871 774 1950 undique
789 1867 984 1931 intractabilis

222 1958 331 2017 resistit
346 1957 433 2017 undis
449 1964 478 2016 et
492 1955 673 2016 lacessentes
689 1973 780 2033 aquas

223 2040 310 2116 longe
326 2042 464 2110 remittit,
481 2040 574 2101 uerba
590 2042 634 2101 sio
649 2043 763 2119 spernit
778 2058 853 2101 mea.

223 2124 274 2184 sed
290 2125 424 2185 Phaedra
440 2143 584 2203 praeceps
600 2125 732 2203 graditur
749 2124 896 2202 inpatiens
911 2140 1023 2183 morae.

223 2225 282 2287 quo
298 2229 329 2271 se
345 2209 426 2270 dabit
439 2210 576 2270 fortuna?
599 2228 658 2288 qno
674 2216 779 2286 uergat
794 2208 896 2269 lurorl

222 2303 320 2357 terrae
336 2300 459 2373 repente
475 2311 584 2371 eorpus
600 2295 769 2354 exanimum
784 2293 891 2353 accidit

223 2387 253 2438 et
267 2398 319 2440 ora
335 2380 423 2439 morti
438 2378 540 2438 similis
556 2378 679 2439 obduxit
693 2376 784 2437 color.

223 2463 323 2524 attolle
338 2463 453 2532 uultus,
471 2463 588 2523 dimone
604 2464 686 2524 uocis
702 2479 815 2522 rnoras:

222 2556 291 2607 tuus
307 2566 343 2608 en
360 2547 478 2609 alumna
493 2555 585 2608 ternet
600 2546 775 2625 Hippolytus
790 2553 881 2606 tenet.

507 2761 674 2809 PHAEDRA
690 2761 734 2808 ΕΤ
751 2761 848 2808 IDEM.

122 2940 129 2948 .
193 2908 210 2942 a
266 2883 336 2968 Quis
351 2902 398 2943 me
415 2883 509 2944 dolori
525 2884 623 2945 reddit
637 2892 724 2963 atque
740 2894 839 2945 aestus
855 2901 961 2961 granos

291 3087 342 3135 570
360 3091 389 3134 et
407 3101 488 3136 uersa
507 3103 528 3136 ω
548 3085 587 3151 (et
605 3101 688 3136 uersa
707 3086 739 3149 n)
760 3100 862 3136 euerso
879 3087 975 3148 scripsi
984 3081 996 3149 ll
1008 3086 1058 3135 572
1076 3081 1136 3134 red·

223 3153 271 3202 det
287 3152 337 3214 Εψ
360 3153 451 3202 reddit
469 3170 488 3203 α
511 3149 523 3219 Η
546 3155 595 3204 573
620 3168 668 3203 cur
685 3170 754 3207 corr.
773 3170 808 3203 ex
827 3168 874 3202 eor
892 3149 927 3200 E¹
951 3149 963 3217 ΙΙ
986 3155 1036 3203 582
1054 3151 1134 3201 NVT.

222 3217 260 3270 Ε8
275 3216 287 3286 Ι]
306 3221 355 3270 585
373 3222 484 3284 genitus
503 3223 527 3270 Α
547 3223 640 3285 gentis
658 3221 683 3270 E
699 3217 711 3287 ΙΙ
727 3223 777 3271 590
795 3222 821 3270 in
839 3220 864 3268 E
882 3220 1013 3269 abstersus
1032 3226 1070 3270 ert
1088 3234 1136 3269 uno

222 3306 276 3339 eam
292 3289 395 3339 scholiis
418 3290 468 3338 nisi
490 3289 584 3353 quedl
608 3296 633 3339 et
651 3305 668 3353 g
690 3293 792 3339 litterae
815 3288 895 3348 (uocis
914 3286 1007 3351 longe)
1031 3289 1135 3337 relictae

222 3364 280 3407 sunt
304 3353 316 3423 ll
339 3359 388 3408 692
408 3358 552 3421 quouergit
570 3357 595 3406 E
632 3372 666 3406 uo
684 3361 782 3421 uerget
800 3356 824 3405 Α
848 3352 859 3421 ll
882 3351 1135 3418 5931epenteter·

222 3441 271 3474 rae
290 3427 315 3475 A
334 3430 426 3475 terrae
444 3430 559 3488 repente
581 3425 603 3473 Ε
614 3373 715 3490 ῦοηᾶίῖ
734 3425 757 3473 Α
777 3423 881 3473 oceidit
899 3422 923 3471 E
936 3419 948 3486 {l
963 3420 1136 3472 PHAEDRA

223 3492 270 3541 ΕΤ
288 3493 382 3543 IDEM
401 3493 426 3542 E
444 3493 618 3544 PHAEDRA
634 3517 639 3529 ·
655 3491 886 3541 HlPPOLYTVS
901 3513 908 3527 ·
922 3489 1060 3539 NVTRIX
1078 3490 1103 3539 A
1115 3485 1127 3553 ΙΙ
