2544 4046
501 275 679 323 'untusuus

131 415 239 493 iusque
254 430 343 474 omne
358 421 471 493 pereat.

76 517 95 549 o
507 497 571 557 Nun
587 499 624 557 sit
639 516 655 557 a
672 499 781 558 uestris
796 499 881 561 malis

135 584 260 644 inmune
276 580 403 643 caelum.
434 600 502 643 cum
519 583 629 642 micant
642 586 715 645 solis
729 581 797 660 pulc

88 715 91 718 .
132 674 315 744 seruamque
330 666 468 728 flammae
485 665 616 727 debitum
631 667 743 728 munde
758 667 861 735 decus,

132 770 192 812 nux
208 750 267 813 alta
281 752 348 821 liat,
366 752 483 813 excidat
497 750 580 812 caelu
596 752 668 812 dies.

91 823 115 879 θ’
180 836 271 897 Misce
286 844 410 915 penates
431 836 497 899 cdia
521 835 628 901 caedes
648 836 755 896 lunera

134 938 256 981 arcesse
278 929 307 981 et
322 920 403 999 inple
418 919 545 981 Tantalo
560 928 653 981 totam
669 921 799 981 domum.

133 1014 261 1066 cauetur
276 1003 368 1066 altum
384 1005 522 1066 columen
538 1012 567 1066 et
581 1003 666 1066 lauro
682 1005 764 1066 luces

134 1088 230 1150 laetae
245 1091 411 1158 nitescant,
428 1090 534 1167 dignus
549 1090 679 1151 aduentu
694 1097 746 1151 tuo

135 1171 324 1251 splendescat
339 1175 428 1252 ignis.

101 1274 121 1324 d
463 1258 623 1320 Thracium
639 1259 691 1319 liat
704 1259 788 1320 netas

136 1344 249 1403 maiore
265 1358 399 1404 numeru.
428 1342 541 1404 liberos
556 1341 645 1404 dellet
659 1361 730 1404 suos

136 1427 270 1488 nondum
286 1426 439 1508 Thyestes.
470 1427 574 1488 dextra
589 1445 643 1487 cur
658 1429 756 1506 patrui
771 1427 874 1488 uacati

137 1511 293 1592 ecquando
309 1510 412 1573 tollet?
434 1512 554 1589 ignibus
568 1514 627 1572 iam
643 1512 768 1572 subditis

136 1605 276 1675 spument
291 1615 379 1666 aena,
397 1595 532 1657 membra
547 1614 602 1675 per
617 1605 716 1674 partes
731 1604 801 1657 eant

137 1681 301 1759 discerpta,
318 1688 440 1759 patruus
456 1680 568 1759 polluat
582 1681 701 1758 sanguis
716 1683 808 1744 iocus.

94 1771 122 1830 d'
177 1764 290 1844 Epulae
304 1768 499 1827 instruantur.
531 1768 679 1827 nonnoni
695 1765 817 1828 sceleris
832 1766 886 1828 tibi

136 1851 266 1911 conuiua
280 1851 393 1912 uenies.
427 1849 555 1912 liberum
572 1850 708 1912 dedimus
724 1851 802 1913 diem

135 1942 277 2015 tuamque
293 1935 329 1996 ad
344 1937 415 2009 istas
430 1933 574 1997 soluimus
589 1953 708 1998 mensas
722 1935 846 1998 tamem:

136 2020 244 2080 ieiunia
261 2018 356 2099 exple,
374 2020 483 2081 mixtus
497 2021 528 2081 iu
544 2018 691 2082 bacchum
708 2038 797 2082 crum

136 2110 291 2184 spectante
306 2113 338 2166 te
353 2111 484 2183 putetur.
516 2106 618 2166 iuueni
633 2105 725 2185 dapes

137 2207 211 2267 quas
225 2191 289 2267 ipse
305 2188 433 2267 lugeres.
463 2190 544 2250 siste.
576 2208 635 2267 quu
650 2208 796 2270 praeceps
812 2190 890 2252 ruisi

103 2305 120 2341 0
180 2287 284 2334 unum
310 2273 354 2335 Ad
369 2281 473 2351 stagna
489 2281 518 2335 et
533 2278 629 2336 amuis
644 2278 688 2336 ad
702 2276 879 2337 recedentes
894 2293 985 2355 aquas

137 2356 288 2437 labrisque
304 2358 341 2418 ab
357 2360 429 2438 ipsis
443 2357 559 2420 arboris
576 2358 682 2437 plenae
697 2359 790 2437 sugas.

138 2441 221 2503 abire
236 2445 266 2502 iu
283 2451 380 2503 alnum
396 2445 525 2505 carceris
541 2443 628 2504 liceat
642 2444 701 2505 mei

138 2525 248 2597 cubile,
265 2527 361 2597 liceat,
378 2528 402 2588 si
418 2546 524 2606 parum
541 2528 646 2589 uideor
662 2529 761 2597 miser,

207 2798 240 2847 48
261 2813 279 2847 c
291 2798 393 2847 nestris
407 2799 431 2848 A
451 2814 468 2848 e
480 2814 530 2849 om.
541 2798 568 2848 Ε
591 2795 603 2866 ΙΙ
625 2801 659 2849 49
681 2814 742 2849 cum
755 2802 861 2850 micent
877 2798 977 2850 stellae
995 2800 1058 2865 polo

137 2866 196 2926 (50)
208 2865 371 2930 flcmmeque
391 2871 505 2916 seruant
523 2884 545 2918 ω
573 2881 635 2917 cum
654 2882 689 2919 m.
713 2866 798 2917 solis
816 2867 880 2934 pulc
899 2874 1059 2918 seruent-

137 2947 201 2997 que
221 2932 382 2984 flammae
401 2934 518 2987 eiGron.
539 2930 551 3000 Η
585 2937 616 2985 51
637 2942 698 2985 atra
717 2937 742 2985 Α
761 2935 819 2985 elia
837 2936 862 2984 Ε
875 2932 979 3000 (tHs.)
999 2936 1060 2986 elta

135 3016 202 3050 unus
221 3016 257 3051 ex
277 3003 344 3056 Pau.
379 2997 391 3067 ΙΙ
426 3005 459 3053 53
487 3002 571 3067 imple
596 3003 702 3053 scelere
724 3003 880 3053 tantaleam
906 3002 1014 3053 domurn
1033 3005 1059 3054 Α

136 3067 222 3132 imple
241 3069 350 3119 tantulo
369 3074 457 3120 totam
475 3069 583 3121 domum
600 3070 626 3119 E
650 3067 662 3136 ll
684 3072 716 3122 56
735 3070 893 3135 slendescat
910 3071 935 3119 E
958 3068 970 3138 ss
993 3074 1060 3123 57-

136 3137 171 3186 59
189 3137 294 3186 maiore
313 3152 435 3188 numero.
454 3138 552 3188 dextra
571 3153 621 3188 cnr
637 3139 731 3203 patrui
748 3141 852 3189 uacat?
870 3138 989 3189 noudum
1007 3140 1058 3193 Th.

135 3203 243 3253 liberos
266 3203 350 3254 deflet
374 3220 446 3256 suos.
484 3209 511 3255 et
531 3206 640 3270 quaudo
659 3206 741 3257 tollet
763 3223 785 3256 ω
815 3207 969 3271 (ecquando
988 3213 1009 3259 t.
1030 3209 1059 3271 α)

136 3287 175 3324 m.
198 3285 320 3322 numero.
350 3273 484 3324 liberos
512 3273 625 3325 deflet
653 3289 731 3325 suos
758 3274 877 3325 nundum
904 3276 1059 3338 Thyestes?

136 3338 261 3389 dextra
280 3355 340 3390 cnr
363 3344 482 3406 patrui
501 3343 621 3393 uacat?
645 3342 788 3406 ecquando
806 3343 903 3393 tollet?
920 3346 1016 3406 scripsi

135 3409 171 3458 60
190 3412 336 3470 spumante
354 3425 425 3460 ceno
443 3411 468 3459 Α
499 3415 700 3476 spumenteena
717 3411 743 3460 E
771 3407 783 3478 l}
817 3413 850 3461 67
869 3425 966 3475 preces
984 3410 1009 3458 Ε

135 3477 172 3526 68
191 3478 220 3524 et
237 3490 335 3526 manes
354 3483 382 3528 et
394 3478 419 3528 Ε
443 3482 472 3528 et
490 3494 584 3529 amnes
603 3483 631 3529 et
645 3480 667 3529 A
693 3487 721 3529 et
740 3480 838 3529 amnis
858 3478 899 3527 ad
919 3479 1016 3541 scripsi

52 3546 92 3621 J
137 3544 172 3593 tu
191 3548 300 3594 autrum
317 3545 367 3609 Εψ
391 3551 482 3597 atrum
500 3547 524 3596 A
553 3542 567 3613 [l
594 3547 689 3597 meisa
712 3547 793 3596 mihi
811 3545 861 3597 Bo.
885 3540 897 3609 ΙΙ
