2544 4040
222 234 285 299 124
501 251 533 299 o.
550 250 683 300 mmmm
700 250 858 300 serrem
941 322 944 327 Α

220 390 385 450 recondere
400 390 520 450 ensem?

114 536 116 539 .
186 487 204 536 b
554 471 689 543 Qualibet
704 474 800 551 gaude
816 488 912 533 mora:
997 509 1002 516 -

222 558 251 617 id
267 576 372 636 gerere
389 556 500 619 bellum
517 560 623 637 cupitis
637 560 667 617 in
683 576 744 637 quo
761 566 805 619 est
821 559 965 636 optimum

221 643 311 702 uinci.
342 644 493 703 uereris
509 643 608 703 iratris
623 643 721 703 iniesri
738 641 839 703 dolos?

222 727 359 805 quotiens
375 745 496 788 necesse
513 737 557 787 est
572 726 674 788 fallere
690 735 740 787 aut
756 726 816 787 falli
831 746 847 788 a
862 728 932 797 suis,

221 812 335 890 patiare
351 812 449 890 potius
462 812 526 889 ipse
542 830 630 891 quam
646 811 736 873 iacias
751 811 856 873 scelus.

182 897 209 956 b'
264 896 322 956 Sed
339 913 383 956 ne
398 913 550 956 uerere:
567 905 661 956 mater
675 896 797 956 insidias
813 904 841 955 et
856 896 925 956 hinc

195 978 199 981 “
222 986 251 1039 et
267 996 371 1041 rursus
386 978 468 1039 illino
484 979 591 1059 abigei.
623 998 714 1040 exoro
730 998 766 1039 an
782 982 858 1058 patri

220 1063 339 1124 inuideo
356 1067 477 1125 uestro?
500 1067 571 1125 oeni
586 1073 619 1124 ut
634 1082 767 1125 arcerem
784 1065 866 1125 nefas
1166 1089 1213 1138 135

221 1164 259 1206 an
277 1155 308 1207 ut
323 1148 455 1208 uiderem
471 1149 614 1227 propius?
628 1183 670 1192 -
684 1148 734 1209 hio
749 1148 863 1210 serrum
880 1149 1000 1221 abdidit,

221 1230 341 1293 reclinis
356 1240 449 1301 astat,
467 1250 547 1293 arma
565 1234 658 1294 defixa
674 1233 826 1294 incubant.
1048 1264 1071 1307 p,
1086 1265 1224 1310 xxm-111

191 1331 208 1381 b
263 1316 307 1376 dd
323 1324 567 1397 tepreoesnuno
583 1325 833 1395 gnaiematernas
849 1318 951 1388 feram,
1194 1342 1239 1391 500

220 1399 272 1461 sed
287 1408 356 1462 ante
371 1401 516 1462 lacrimas.
532 1408 636 1463 dedeo
653 1401 740 1479 longo
757 1410 891 1481 tempore

221 1486 312 1562 petita
328 1486 404 1546 uotis
420 1504 481 1547 ora.
513 1493 543 1547 te
557 1486 716 1564 profugum
733 1485 796 1546 solo
1164 1510 1212 1559 140

220 1571 316 1646 patrio
332 1579 454 1648 penates
469 1571 548 1646 regis
563 1572 679 1631 externi
693 1576 813 1649 tegunt:

220 1661 250 1713 te
265 1654 359 1714 maria
374 1663 419 1715 toi
434 1654 567 1724 diuersa,
582 1661 625 1714 tot
641 1672 726 1715 casus
741 1671 850 1731 uagum

221 1754 325 1816 egere:
544 1809 546 1813 ¹

190 1838 209 1887 b
376 1823 441 1885 Non
457 1830 486 1884 te
501 1824 584 1884 duxit
598 1825 627 1882 in
644 1822 787 1883 thalamos
802 1840 910 1900 parens

223 1908 359 1968 comitata
375 1909 487 1986 primos
503 1925 558 1969 nac
573 1918 625 1968 sua
643 1909 733 1968 festas
754 1924 843 1968 manu

221 1993 340 2052 ornauit
355 1992 443 2053 aedes
458 2010 513 2053 neo
528 2010 580 2053 sua
597 1990 687 2052 laetas
703 1992 782 2053 sacas
1061 2065 1066 2073 .
1164 2016 1211 2066 145

220 2078 291 2137 uitta
308 2078 451 2147 reuinxit,
468 2077 561 2137 dona
578 2094 638 2136 non
655 2094 727 2137 auro
744 2094 852 2154 graues

221 2177 311 2238 gazas
326 2164 412 2221 s'ocer
427 2179 487 2221 non
503 2179 574 2223 arua
590 2178 651 2220 non
666 2161 758 2221 urbes
773 2161 863 2221 dedit.
894 2168 897 2173 ’

109 2262 113 2271 “
184 2249 212 2309 b'
266 2245 397 2307 Dotale
413 2245 522 2307 bellum
540 2253 595 2307 est.
625 2246 755 2307 hostium
771 2264 802 2306 es
818 2245 912 2307 iactus
927 2263 1020 2326 gener
1195 2268 1240 2317 510

221 2331 316 2408 patria
332 2338 466 2397 remotus
480 2331 589 2411 hospes
605 2328 691 2390 alieni
706 2329 777 2390 iaris

221 2423 342 2476 externa
358 2413 688 2493 consecutus'expuisus
704 2416 760 2474 tuis
1161 2437 1210 2488 150

116 2551 129 2571 ,
220 2499 283 2559 sine
299 2500 421 2560 crimine
437 2500 514 2561 exul.
545 2516 583 2559 ne
599 2499 668 2577 quid
686 2519 702 2559 e
718 2499 783 2559 iaris
799 2497 850 2559 tibi

223 2675 425 2685 ———.

289 2786 336 2836 137
363 2784 478 2836 reclinis
497 2785 618 2847 (reclinis
636 2784 670 2850 Id)
694 2786 793 2837 hastae
812 2790 840 2835 et
858 2801 935 2836 arma
952 2783 1043 2835 defixa
1061 2786 1140 2838 ineu·

219 2851 289 2901 hant
307 2853 332 2901 A
353 2853 466 2903 reclinis
485 2852 583 2903 hastae
603 2868 679 2903 orma
696 2853 723 2904 d.
742 2855 760 2903 i.
781 2852 807 2902 E
828 2854 942 2903 reclinis
961 2857 1049 2903 astat
1066 2868 1092 2904 a.
1111 2854 1139 2906 d.

219 2919 360 2971 incubans
382 2923 413 2974 ri.
433 2921 522 2981 I.Gr.‚
558 2921 624 2971 recl.
644 2923 731 2983 astat,
752 2920 822 2970 a.·d.
841 2921 978 2972 incubant
998 2922 1095 2986 scripsi
1115 2917 1127 2988 ΙΙ

220 2988 269 3037 142
287 2991 315 3037 ho
333 2989 422 3039 maria
441 2994 483 3039 tot
500 2993 564 3038 tam*
576 2989 687 3039 diuersa
699 2988 725 3038 E
742 2992 800 3037 tem
818 3004 865 3039 om.
879 2990 905 3039 A
922 3004 972 3054 per
989 2989 1078 3038 maria
1097 2993 1140 3039 hot

218 3057 276 3103 tam
293 3057 374 3106 uaria
390 3057 422 3106 ei.
436 3058 519 3118 hdr„
544 3061 570 3107 te
590 3071 695 3107 amora
712 3055 806 3108 02:130.
827 3057 890 3119 fort.
910 3061 939 3106 te
957 3056 1078 3106 damna
1096 3061 1140 3108 tot

219 3124 276 3172 tam
294 3123 394 3173 uaria
417 3120 430 3190 fl
453 3125 503 3175 144
519 3124 592 3176 letas
609 3131 633 3186 ψ
651 3124 728 3174 festa
745 3124 771 3174 E
793 3123 919 3174 festasA
942 3119 955 3189 [1
979 3125 1029 3175 145
1046 3123 1139 3175 laetas

217 3188 298 3240 faces
315 3188 352 3238 Ε2
370 3194 396 3240 dn
412 3207 466 3242 ras.
496 3188 509 3258 ΙΙ
538 3193 587 3242 146
606 3206 672 3242 auro
693 3198 721 3242 et
739 3205 839 3256 graues
859 3192 884 3242 A
913 3206 979 3242 auro
998 3191 1024 3241 Ε
1043 3196 1072 3242 et
1089 3208 1135 3246 oar.

218 3256 273 3309 Et.
287 3256 359 3309 mr.
374 3265 400 3308 et
412 3258 524 3323 NHmp
553 3255 565 3325 ΙΙ
595 3261 644 3310 147
661 3259 759 3326 galeas
777 3258 803 3308 Ε
825 3274 911 3324 gazas
929 3260 955 3309 A
983 3255 996 3325 ss
1026 3275 1095 3310 arua
1112 3261 1137 3310 A

218 3343 296 3379 arma
313 3324 364 3394 Εψ
387 3321 399 3389 ΙΙ
421 3326 504 3377 urbes
522 3344 544 3378 ω
566 3327 650 3378 orbes
668 3330 699 3378 α’.
718 3328 784 3382 hP.
808 3323 820 3394 ΙΙ
844 3328 893 3377 148
911 3327 1031 3377 hostium
1051 3331 1096 3378 est
1113 3326 1138 3376 Ε

218 3396 289 3449 hes
306 3396 342 3447 A.
378 3394 458 3445 uerbo
475 3394 568 3445 dotale
585 3422 619 3431 —
637 3398 680 3446 eat
697 3395 813 3445 Eteoclis
831 3409 887 3446 cese
896 3401 973 3460 putat
984 3392 1114 3447 Swohodo
1130 3391 1140 3461 ΙΙ

219 3466 268 3515 150
285 3464 355 3515 meis
372 3467 404 3514 ei.
423 3461 516 3522 Swob„
535 3464 578 3529 qui
593 3464 617 3516 h.
637 3480 661 3513 rc.
681 3470 706 3513 et
726 3465 785 3513 151·
804 3464 915 3513 Polim'ei
931 3464 1052 3528 adederat
1063 3459 1077 3529 ΙΙ
1090 3464 1137 3514 151

218 3531 321 3594 nequid
340 3547 355 3582 e
374 3533 399 3583 A
421 3531 518 3595 nequit
536 3530 569 3581 de
586 3530 611 3580 Ε
634 3526 645 3596 Η
