<?xml version="1.0" encoding="UTF-8"?>
<!DOCTYPE html PUBLIC "-//W3C//DTD XHTML 1.0 Transitional//EN"
    "http://www.w3.org/TR/xhtml1/DTD/xhtml1-transitional.dtd">
<html xmlns="http://www.w3.org/1999/xhtml" xml:lang="en" lang="en">
 <head>
  <title>
</title>
<meta http-equiv="Content-Type" content="text/html;charset=utf-8" />
  <meta name='ocr-system' content='tesseract 3.04.00' />
  <meta name='ocr-capabilities' content='ocr_page ocr_carea ocr_par ocr_line ocrx_word'/>
</head>
<body>
  <div class='ocr_page' id='page_1' title='image "./lannaeisenecaet08senegoog_0152.png"; bbox 0 0 2544 4046; ppageno 0'>
   <div class='ocr_carea' id='block_1_1' title="bbox 477 286 657 338">
    <p class='ocr_par' dir='ltr' id='par_1_1' title="bbox 477 286 657 338">
     <span class='ocr_line' id='line_1_1' title="bbox 477 286 657 338; baseline 0.011 -2"><span class='ocrx_word' id='word_1_1' title='bbox 477 286 657 338; x_wconf 75' lang='lat' dir='ltr'>TEYESTBS</span> 
     </span>
    </p>
   </div>
   <div class='ocr_carea' id='block_1_2' title="bbox 206 511 770 682">
    <p class='ocr_par' dir='ltr' id='par_1_2' title="bbox 206 511 770 682">
     <span class='ocr_line' id='line_1_2' title="bbox 209 511 770 599; baseline -0.004 -23"><span class='ocrx_word' id='word_1_2' title='bbox 209 511 252 599; x_wconf 87' lang='lat' dir='ltr'>[et</span> <span class='ocrx_word' id='word_1_3' title='bbox 260 520 354 591; x_wconf 83' lang='lat' dir='ltr'>putat</span> <span class='ocrx_word' id='word_1_4' title='bbox 368 517 467 590; x_wconf 67' lang='lat' dir='ltr'>mermi</span> <span class='ocrx_word' id='word_1_5' title='bbox 478 531 535 577; x_wconf 80' lang='lat' dir='ltr'>suo</span> <span class='ocrx_word' id='word_1_6' title='bbox 543 532 636 592; x_wconf 79' lang='lat' dir='ltr'>posse</span> <span class='ocrx_word' id='word_1_7' title='bbox 644 531 770 592; x_wconf 79' lang='lat' dir='ltr'><em>pauper</em></span> 
     </span>
     <span class='ocr_line' id='line_1_3' title="bbox 206 593 757 682; baseline -0.002 -21"><span class='ocrx_word' id='word_1_8' title='bbox 206 616 303 676; x_wconf 72' lang='lat' dir='ltr'>reque</span> <span class='ocrx_word' id='word_1_9' title='bbox 318 599 444 660; x_wconf 79' lang='lat' dir='ltr'><em>Laertes</em></span> <span class='ocrx_word' id='word_1_10' title='bbox 458 600 571 662; x_wconf 72' lang='lat' dir='ltr'>ithaca</span> <span class='ocrx_word' id='word_1_11' title='bbox 586 593 757 682; x_wconf 77' lang='lat' dir='ltr'>tremente]</span> 
     </span>
    </p>
   </div>
   <div class='ocr_carea' id='block_1_3' title="bbox 208 767 737 1100">
    <p class='ocr_par' dir='ltr' id='par_1_3' title="bbox 208 767 737 1100">
     <span class='ocr_line' id='line_1_4' title="bbox 251 767 735 841; baseline 0 -12"><span class='ocrx_word' id='word_1_12' title='bbox 251 767 283 829; x_wconf 92' lang='lat' dir='ltr'>Si</span> <span class='ocrx_word' id='word_1_13' title='bbox 298 785 369 828; x_wconf 80' lang='lat' dir='ltr'>suae</span> <span class='ocrx_word' id='word_1_14' title='bbox 384 769 480 829; x_wconf 91' lang='lat' dir='ltr'>uentis</span> <span class='ocrx_word' id='word_1_15' title='bbox 495 768 631 830; x_wconf 81' lang='lat' dir='ltr'>cecidere</span> <span class='ocrx_word' id='word_1_16' title='bbox 645 767 735 841; x_wconf 82' lang='lat' dir='ltr'>uires,</span> 
     </span>
     <span class='ocr_line' id='line_1_5' title="bbox 208 850 702 929; baseline 0 -16"><span class='ocrx_word' id='word_1_17' title='bbox 208 850 281 920; x_wconf 83' lang='lat' dir='ltr'>alte,</span> <span class='ocrx_word' id='word_1_18' title='bbox 298 869 374 929; x_wconf 83' lang='lat' dir='ltr'>quae</span> <span class='ocrx_word' id='word_1_19' title='bbox 389 853 474 913; x_wconf 84' lang='lat' dir='ltr'>nauis</span> <span class='ocrx_word' id='word_1_20' title='bbox 489 853 586 914; x_wconf 78' lang='lat' dir='ltr'><strong>timuit</strong></span> <span class='ocrx_word' id='word_1_21' title='bbox 600 870 702 914; x_wconf 81' lang='lat' dir='ltr'>secere</span> 
     </span>
     <span class='ocr_line' id='line_1_6' title="bbox 209 936 737 1017; baseline 0.006 -21"><span class='ocrx_word' id='word_1_22' title='bbox 209 936 278 997; x_wconf 86' lang='lat' dir='ltr'>hino</span> <span class='ocrx_word' id='word_1_23' title='bbox 294 943 323 996; x_wconf 87' lang='lat' dir='ltr'>et</span> <span class='ocrx_word' id='word_1_24' title='bbox 338 937 407 998; x_wconf 88' lang='lat' dir='ltr'>hino</span> <span class='ocrx_word' id='word_1_25' title='bbox 422 936 495 998; x_wconf 79' lang='lat' dir='ltr'>susis</span> <span class='ocrx_word' id='word_1_26' title='bbox 509 937 636 1017; x_wconf 83' lang='lat' dir='ltr'>spatiose</span> <span class='ocrx_word' id='word_1_27' title='bbox 653 936 737 1007; x_wconf 87' lang='lat' dir='ltr'>uelis,</span> 
     </span>
     <span class='ocr_line' id='line_1_7' title="bbox 208 1019 715 1100; baseline 0.004 -19"><span class='ocrx_word' id='word_1_28' title='bbox 208 1028 301 1082; x_wconf 83' lang='lat' dir='ltr'>strata</span> <span class='ocrx_word' id='word_1_29' title='bbox 315 1019 430 1082; x_wconf 86' lang='lat' dir='ltr'>ludenti</span> <span class='ocrx_word' id='word_1_30' title='bbox 443 1029 566 1100; x_wconf 81' lang='lat' dir='ltr'>patuere</span> <span class='ocrx_word' id='word_1_31' title='bbox 581 1020 715 1084; x_wconf 82' lang='lat' dir='ltr'>cumbae.</span> 
     </span>
    </p>
   </div>
   <div class='ocr_carea' id='block_1_4' title="bbox 209 1188 773 1527">
    <p class='ocr_par' dir='ltr' id='par_1_4' title="bbox 209 1188 773 1527">
     <span class='ocr_line' id='line_1_8' title="bbox 252 1188 768 1270; baseline 0.008 -21"><span class='ocrx_word' id='word_1_32' title='bbox 252 1189 350 1253; x_wconf 84' lang='lat' dir='ltr'>Mitius</span> <span class='ocrx_word' id='word_1_33' title='bbox 364 1197 468 1270; x_wconf 79' lang='lat' dir='ltr'>stagno</span> <span class='ocrx_word' id='word_1_34' title='bbox 483 1188 606 1270; x_wconf 80' lang='lat' dir='ltr'>pelagus</span> <span class='ocrx_word' id='word_1_35' title='bbox 620 1190 768 1253; x_wconf 79' lang='lat' dir='ltr'><strong>recumbit</strong></span> 
     </span>
     <span class='ocr_line' id='line_1_9' title="bbox 209 1277 754 1357; baseline 0.004 -21"><span class='ocrx_word' id='word_1_36' title='bbox 209 1283 239 1336; x_wconf 88' lang='lat' dir='ltr'>et</span> <span class='ocrx_word' id='word_1_37' title='bbox 254 1284 341 1337; x_wconf 82' lang='lat' dir='ltr'>uacat</span> <span class='ocrx_word' id='word_1_38' title='bbox 354 1293 470 1338; x_wconf 86' lang='lat' dir='ltr'>mersos</span> <span class='ocrx_word' id='word_1_39' title='bbox 485 1293 643 1337; x_wconf 83' lang='lat' dir='ltr'>numerere</span> <span class='ocrx_word' id='word_1_40' title='bbox 658 1277 754 1357; x_wconf 79' lang='lat' dir='ltr'><strong>pisces</strong></span> 
     </span>
     <span class='ocr_line' id='line_1_10' title="bbox 210 1359 773 1442; baseline 0.004 -23"><span class='ocrx_word' id='word_1_41' title='bbox 210 1359 259 1419; x_wconf 85' lang='lat' dir='ltr'>hie</span> <span class='ocrx_word' id='word_1_42' title='bbox 271 1359 324 1422; x_wconf 93' lang='lat' dir='ltr'>ubi</span> <span class='ocrx_word' id='word_1_43' title='bbox 337 1362 450 1439; x_wconf 76' lang='lat' dir='ltr'>ingenti</span> <span class='ocrx_word' id='word_1_44' title='bbox 465 1360 555 1421; x_wconf 90' lang='lat' dir='ltr'>modo</span> <span class='ocrx_word' id='word_1_45' title='bbox 571 1359 627 1422; x_wconf 89' lang='lat' dir='ltr'>sub</span> <span class='ocrx_word' id='word_1_46' title='bbox 642 1360 773 1442; x_wconf 83' lang='lat' dir='ltr'>procella</span> 
     </span>
     <span class='ocr_line' id='line_1_11' title="bbox 209 1444 757 1527; baseline -0.004 -19"><span class='ocrx_word' id='word_1_47' title='bbox 209 1444 351 1527; x_wconf 76' lang='lat' dir='ltr'>Cyclades</span> <span class='ocrx_word' id='word_1_48' title='bbox 365 1454 492 1523; x_wconf 88' lang='lat' dir='ltr'>pomum</span> <span class='ocrx_word' id='word_1_49' title='bbox 506 1447 635 1506; x_wconf 83' lang='lat' dir='ltr'>timuere</span> <span class='ocrx_word' id='word_1_50' title='bbox 650 1452 757 1506; x_wconf 81' lang='lat' dir='ltr'>motae.</span> 
     </span>
    </p>
   </div>
   <div class='ocr_carea' id='block_1_5' title="bbox 210 1612 905 1864">
    <p class='ocr_par' dir='ltr' id='par_1_5' title="bbox 210 1612 905 1864">
     <span class='ocr_line' id='line_1_12' title="bbox 254 1612 905 1694; baseline -0.003 -18"><span class='ocrx_word' id='word_1_51' title='bbox 254 1613 341 1676; x_wconf 84' lang='lat' dir='ltr'>Nulla</span> <span class='ocrx_word' id='word_1_52' title='bbox 356 1630 422 1675; x_wconf 84' lang='lat' dir='ltr'>sors</span> <span class='ocrx_word' id='word_1_53' title='bbox 437 1612 525 1693; x_wconf 79' lang='lat' dir='ltr'>ionga</span> <span class='ocrx_word' id='word_1_54' title='bbox 541 1621 600 1674; x_wconf 86' lang='lat' dir='ltr'>est:</span> <span class='ocrx_word' id='word_1_55' title='bbox 617 1613 703 1676; x_wconf 82' lang='lat' dir='ltr'>dolor</span> <span class='ocrx_word' id='word_1_56' title='bbox 718 1633 753 1675; x_wconf 85' lang='lat' dir='ltr'>ao</span> <span class='ocrx_word' id='word_1_57' title='bbox 767 1614 905 1694; x_wconf 81' lang='lat' dir='ltr'>uoluptas</span> 
     </span>
     <span class='ocr_line' id='line_1_13' title="bbox 210 1698 774 1778; baseline 0.004 -19"><span class='ocrx_word' id='word_1_58' title='bbox 210 1699 338 1760; x_wconf 85' lang='lat' dir='ltr'>inuicem</span> <span class='ocrx_word' id='word_1_59' title='bbox 355 1698 477 1768; x_wconf 85' lang='lat' dir='ltr'>cedunt,</span> <span class='ocrx_word' id='word_1_60' title='bbox 494 1698 615 1760; x_wconf 82' lang='lat' dir='ltr'>breuior</span> <span class='ocrx_word' id='word_1_61' title='bbox 631 1698 774 1778; x_wconf 83' lang='lat' dir='ltr'>uoluptas.</span> 
     </span>
     <span class='ocr_line' id='line_1_14' title="bbox 211 1782 765 1864; baseline 0 -19"><span class='ocrx_word' id='word_1_62' title='bbox 211 1784 270 1845; x_wconf 85' lang='lat' dir='ltr'>ima</span> <span class='ocrx_word' id='word_1_63' title='bbox 285 1782 524 1864; x_wconf 76' lang='lat' dir='ltr'>permutationis</span> <span class='ocrx_word' id='word_1_64' title='bbox 540 1784 613 1845; x_wconf 82' lang='lat' dir='ltr'>hora</span> <span class='ocrx_word' id='word_1_65' title='bbox 630 1786 765 1845; x_wconf 88' lang='lat' dir='ltr'>summis.</span> 
     </span>
    </p>
   </div>
   <div class='ocr_carea' id='block_1_6' title="bbox 213 1952 789 2372">
    <p class='ocr_par' dir='ltr' id='par_1_6' title="bbox 213 1952 789 2372">
     <span class='ocr_line' id='line_1_15' title="bbox 256 1952 759 2031; baseline 0 -17"><span class='ocrx_word' id='word_1_66' title='bbox 256 1952 323 2024; x_wconf 87' lang='lat' dir='ltr'>iiie,</span> <span class='ocrx_word' id='word_1_67' title='bbox 340 1953 390 2031; x_wconf 86' lang='lat' dir='ltr'>qui</span> <span class='ocrx_word' id='word_1_68' title='bbox 405 1952 496 2014; x_wconf 85' lang='lat' dir='ltr'>donat</span> <span class='ocrx_word' id='word_1_69' title='bbox 510 1952 645 2015; x_wconf 81' lang='lat' dir='ltr'>diadema</span> <span class='ocrx_word' id='word_1_70' title='bbox 659 1953 759 2024; x_wconf 78' lang='lat' dir='ltr'>isonti,</span> 
     </span>
     <span class='ocr_line' id='line_1_16' title="bbox 213 2039 789 2118; baseline 0.002 -19"><span class='ocrx_word' id='word_1_71' title='bbox 213 2056 301 2118; x_wconf 89' lang='lat' dir='ltr'>quem</span> <span class='ocrx_word' id='word_1_72' title='bbox 317 2056 396 2118; x_wconf 82' lang='lat' dir='ltr'>genu</span> <span class='ocrx_word' id='word_1_73' title='bbox 410 2039 498 2099; x_wconf 81' lang='lat' dir='ltr'>nixae</span> <span class='ocrx_word' id='word_1_74' title='bbox 513 2044 663 2099; x_wconf 80' lang='lat' dir='ltr'>tremuere</span> <span class='ocrx_word' id='word_1_75' title='bbox 678 2046 789 2118; x_wconf 83' lang='lat' dir='ltr'>gentes,</span> 
     </span>
     <span class='ocr_line' id='line_1_17' title="bbox 214 2122 704 2201; baseline 0 -16"><span class='ocrx_word' id='word_1_76' title='bbox 214 2124 296 2185; x_wconf 85' lang='lat' dir='ltr'>cuius</span> <span class='ocrx_word' id='word_1_77' title='bbox 311 2123 347 2184; x_wconf 86' lang='lat' dir='ltr'>ad</span> <span class='ocrx_word' id='word_1_78' title='bbox 364 2129 467 2183; x_wconf 91' lang='lat' dir='ltr'>nutum</span> <span class='ocrx_word' id='word_1_79' title='bbox 483 2139 611 2201; x_wconf 84' lang='lat' dir='ltr'>posuere</span> <span class='ocrx_word' id='word_1_80' title='bbox 626 2122 704 2185; x_wconf 85' lang='lat' dir='ltr'>belia</span> 
     </span>
     <span class='ocr_line' id='line_1_18' title="bbox 214 2206 755 2287; baseline 0 -19"><span class='ocrx_word' id='word_1_81' title='bbox 214 2207 317 2269; x_wconf 84' lang='lat' dir='ltr'>Medus</span> <span class='ocrx_word' id='word_1_82' title='bbox 333 2216 361 2270; x_wconf 89' lang='lat' dir='ltr'>et</span> <span class='ocrx_word' id='word_1_83' title='bbox 375 2207 487 2269; x_wconf 89' lang='lat' dir='ltr'>Phoebi</span> <span class='ocrx_word' id='word_1_84' title='bbox 502 2207 650 2287; x_wconf 80' lang='lat' dir='ltr'>propioris</span> <span class='ocrx_word' id='word_1_85' title='bbox 664 2206 755 2270; x_wconf 87' lang='lat' dir='ltr'>ludus</span> 
     </span>
     <span class='ocr_line' id='line_1_19' title="bbox 214 2291 767 2372; baseline 0 -20"><span class='ocrx_word' id='word_1_86' title='bbox 214 2299 244 2352; x_wconf 88' lang='lat' dir='ltr'>et</span> <span class='ocrx_word' id='word_1_87' title='bbox 258 2292 357 2355; x_wconf 80' lang='lat' dir='ltr'>Dahae</span> <span class='ocrx_word' id='word_1_88' title='bbox 373 2291 490 2354; x_wconf 81' lang='lat' dir='ltr'>Parthis</span> <span class='ocrx_word' id='word_1_89' title='bbox 505 2293 634 2372; x_wconf 84' lang='lat' dir='ltr'>equitem</span> <span class='ocrx_word' id='word_1_90' title='bbox 651 2292 767 2354; x_wconf 85' lang='lat' dir='ltr'>minati:</span> 
     </span>
    </p>
   </div>
   <div class='ocr_carea' id='block_1_7' title="bbox 107 2463 849 2712">
    <p class='ocr_par' dir='ltr' id='par_1_7' title="bbox 107 2463 849 2712">
     <span class='ocr_line' id='line_1_20' title="bbox 257 2463 849 2539; baseline 0 -18"><span class='ocrx_word' id='word_1_91' title='bbox 257 2463 370 2522; x_wconf 82' lang='lat' dir='ltr'>Anxius</span> <span class='ocrx_word' id='word_1_92' title='bbox 384 2469 535 2539; x_wconf 78' lang='lat' dir='ltr'>sceptrum</span> <span class='ocrx_word' id='word_1_93' title='bbox 550 2468 633 2522; x_wconf 87' lang='lat' dir='ltr'>tenet</span> <span class='ocrx_word' id='word_1_94' title='bbox 649 2468 678 2521; x_wconf 92' lang='lat' dir='ltr'>et</span> <span class='ocrx_word' id='word_1_95' title='bbox 693 2469 849 2522; x_wconf 85' lang='lat' dir='ltr'>mouentes</span> 
     </span>
     <span class='ocr_line' id='line_1_21' title="bbox 216 2545 728 2625; baseline -0.002 -19"><span class='ocrx_word' id='word_1_96' title='bbox 216 2553 321 2607; x_wconf 82' lang='lat' dir='ltr'>ouuota</span> <span class='ocrx_word' id='word_1_97' title='bbox 337 2545 450 2607; x_wconf 81' lang='lat' dir='ltr'>diuinet</span> <span class='ocrx_word' id='word_1_98' title='bbox 464 2547 627 2625; x_wconf 87' lang='lat' dir='ltr'>metuitque</span> <span class='ocrx_word' id='word_1_99' title='bbox 643 2562 728 2606; x_wconf 86' lang='lat' dir='ltr'>casus</span> 
     </span>
     <span class='ocr_line' id='line_1_22' title="bbox 107 2629 796 2712; baseline 0 -21"><span class='ocrx_word' id='word_1_100' title='bbox 107 2639 113 2648; x_wconf 84' lang='grc'><em>·</em></span> <span class='ocrx_word' id='word_1_101' title='bbox 216 2629 340 2692; x_wconf 87' lang='lat' dir='ltr'>mobiles</span> <span class='ocrx_word' id='word_1_102' title='bbox 355 2648 457 2692; x_wconf 82' lang='lat' dir='ltr'>rerum</span> <span class='ocrx_word' id='word_1_103' title='bbox 473 2629 655 2709; x_wconf 86' lang='lat' dir='ltr'>dubiumque</span> <span class='ocrx_word' id='word_1_104' title='bbox 671 2637 796 2712; x_wconf 85' lang='lat' dir='ltr'>tempus.</span> 
     </span>
    </p>
   </div>
   <div class='ocr_carea' id='block_1_8' title="bbox 216 2797 1115 3203">
    <p class='ocr_par' dir='ltr' id='par_1_8' title="bbox 216 2797 1115 3203">
     <span class='ocr_line' id='line_1_23' title="bbox 258 2797 876 2880; baseline -0.002 -19"><span class='ocrx_word' id='word_1_105' title='bbox 258 2803 316 2861; x_wconf 89' lang='lat' dir='ltr'>Vos</span> <span class='ocrx_word' id='word_1_106' title='bbox 332 2797 439 2878; x_wconf 86' lang='lat' dir='ltr'>quibus</span> <span class='ocrx_word' id='word_1_107' title='bbox 454 2807 554 2861; x_wconf 82' lang='lat' dir='ltr'>rector</span> <span class='ocrx_word' id='word_1_108' title='bbox 569 2801 660 2860; x_wconf 82' lang='lat' dir='ltr'>meris</span> <span class='ocrx_word' id='word_1_109' title='bbox 676 2806 764 2880; x_wconf 83' lang='lat' dir='ltr'>atque</span> <span class='ocrx_word' id='word_1_110' title='bbox 777 2807 876 2861; x_wconf 80' lang='lat' dir='ltr'>terme</span> 
     </span>
     <span class='ocr_line' id='line_1_24' title="bbox 216 2884 812 2964; baseline 0.005 -21"><span class='ocrx_word' id='word_1_111' title='bbox 216 2885 261 2945; x_wconf 92' lang='lat' dir='ltr'>ius</span> <span class='ocrx_word' id='word_1_112' title='bbox 275 2884 357 2947; x_wconf 87' lang='lat' dir='ltr'>dedit</span> <span class='ocrx_word' id='word_1_113' title='bbox 371 2902 510 2964; x_wconf 83' lang='lat' dir='ltr'>magnum</span> <span class='ocrx_word' id='word_1_114' title='bbox 525 2885 606 2946; x_wconf 88' lang='lat' dir='ltr'>neeis</span> <span class='ocrx_word' id='word_1_115' title='bbox 622 2890 709 2963; x_wconf 84' lang='lat' dir='ltr'>atque</span> <span class='ocrx_word' id='word_1_116' title='bbox 726 2886 812 2955; x_wconf 79' lang='lat' dir='ltr'>uitae,</span> 
     </span>
     <span class='ocr_line' id='line_1_25' title="bbox 216 2965 781 3049; baseline -0.004 -20"><span class='ocrx_word' id='word_1_117' title='bbox 216 2971 317 3047; x_wconf 89' lang='lat' dir='ltr'>ponite</span> <span class='ocrx_word' id='word_1_118' title='bbox 331 2965 448 3030; x_wconf 80' lang='lat' dir='ltr'>inflatos</span> <span class='ocrx_word' id='word_1_119' title='bbox 462 2970 652 3049; x_wconf 87' lang='lat' dir='ltr'>tumidosque</span> <span class='ocrx_word' id='word_1_120' title='bbox 667 2968 781 3031; x_wconf 88' lang='lat' dir='ltr'>uultus:</span> 
     </span>
     <span class='ocr_line' id='line_1_26' title="bbox 216 3054 1115 3133; baseline 0.003 -19"><span class='ocrx_word' id='word_1_121' title='bbox 216 3054 355 3132; x_wconf 87' lang='lat' dir='ltr'>quioquid</span> <span class='ocrx_word' id='word_1_122' title='bbox 372 3054 490 3117; x_wconf 81' lang='lat' dir='ltr'>euobis</span> <span class='ocrx_word' id='word_1_123' title='bbox 506 3055 604 3117; x_wconf 85' lang='lat' dir='ltr'>minor</span> <span class='ocrx_word' id='word_1_124' title='bbox 620 3056 798 3133; x_wconf 75' lang='lat' dir='ltr'>expaueseit</span> <span class='ocrx_word' id='word_1_125' title='bbox 1064 3070 1115 3118; x_wconf 80' lang='lat' dir='ltr'>olo</span> 
     </span>
     <span class='ocr_line' id='line_1_27' title="bbox 216 3138 793 3203; baseline 0 -5"><span class='ocrx_word' id='word_1_126' title='bbox 216 3140 311 3200; x_wconf 82' lang='lat' dir='ltr'>maior</span> <span class='ocrx_word' id='word_1_127' title='bbox 326 3138 383 3200; x_wconf 86' lang='lat' dir='ltr'>hoo</span> <span class='ocrx_word' id='word_1_128' title='bbox 398 3140 486 3201; x_wconf 90' lang='lat' dir='ltr'>uobis</span> <span class='ocrx_word' id='word_1_129' title='bbox 501 3141 639 3203; x_wconf 87' lang='lat' dir='ltr'>dominus</span> <span class='ocrx_word' id='word_1_130' title='bbox 654 3141 793 3202; x_wconf 80' lang='lat' dir='ltr'>minatur.</span> 
     </span>
    </p>
   </div>
   <div class='ocr_carea' id='block_1_9' title="bbox 27 3309 1129 3513">
    <p class='ocr_par' dir='ltr' id='par_1_9' title="bbox 27 3309 1129 3513">
     <span class='ocr_line' id='line_1_28' title="bbox 210 3309 1049 3376; baseline -0.005 -16"><span class='ocrx_word' id='word_1_131' title='bbox 210 3310 269 3361; x_wconf 78' lang='grc'>686.</span> <span class='ocrx_word' id='word_1_132' title='bbox 292 3310 343 3361; x_wconf 79' lang='grc'>687</span> <span class='ocrx_word' id='word_1_133' title='bbox 371 3312 541 3375; x_wconf 79' lang='lat' dir='ltr'>interpolatos</span> <span class='ocrx_word' id='word_1_134' title='bbox 562 3325 618 3361; x_wconf 83' lang='lat' dir='ltr'>esse</span> <span class='ocrx_word' id='word_1_135' title='bbox 642 3311 707 3376; x_wconf 75' lang='lat' dir='ltr'>uidit</span> <span class='ocrx_word' id='word_1_136' title='bbox 728 3309 798 3361; x_wconf 84' lang='lat' dir='ltr'><strong><em>B.P.</em></strong></span> <span class='ocrx_word' id='word_1_137' title='bbox 834 3313 947 3360; x_wconf 76' lang='lat' dir='ltr'>lacunam</span> <span class='ocrx_word' id='word_1_138' title='bbox 968 3309 1049 3358; x_wconf 82' lang='lat' dir='ltr'>statui</span> 
     </span>
     <span class='ocr_line' id='line_1_29' title="bbox 27 3370 1129 3495; baseline -0.008 -62"><span class='ocrx_word' id='word_1_139' title='bbox 27 3376 29 3433; x_wconf 63' lang='grc' dir='ltr'>ἵ</span> <span class='ocrx_word' id='word_1_140' title='bbox 125 3380 203 3429; x_wconf 73' lang='lat' dir='ltr'>unius</span> <span class='ocrx_word' id='word_1_141' title='bbox 220 3394 243 3429; x_wconf 87' lang='lat' dir='ltr'>u.</span> <span class='ocrx_word' id='word_1_142' title='bbox 268 3373 354 3495; x_wconf 38' lang='lat'>{2589</span> <span class='ocrx_word' id='word_1_143' title='bbox 365 3385 425 3443; x_wconf 82' lang='lat' dir='ltr'>post</span> <span class='ocrx_word' id='word_1_144' title='bbox 442 3379 492 3429; x_wconf 69' lang='lat'>59⁶2</span> <span class='ocrx_word' id='word_1_145' title='bbox 509 3380 642 3430; x_wconf 83' lang='lat' dir='ltr'>reuocauit</span> <span class='ocrx_word' id='word_1_146' title='bbox 659 3377 725 3460; x_wconf 54' lang='lat' dir='ltr'>ite:</span> <span class='ocrx_word' id='word_1_147' title='bbox 748 3374 761 3444; x_wconf 89' lang='grc' dir='ltr'>ΙΙ</span> <span class='ocrx_word' id='word_1_148' title='bbox 782 3378 832 3429; x_wconf 77' lang='grc'>691</span> <span class='ocrx_word' id='word_1_149' title='bbox 849 3377 975 3459; x_wconf 73' lang='lat' dir='ltr'>spetioso</span> <span class='ocrx_word' id='word_1_150' title='bbox 987 3374 1012 3423; x_wconf 84' lang='lat' dir='ltr'><em>E</em></span> <span class='ocrx_word' id='word_1_151' title='bbox 1023 3370 1036 3439; x_wconf 72' lang='lat' dir='ltr'>ii</span> <span class='ocrx_word' id='word_1_152' title='bbox 1122 3457 1129 3469; x_wconf 85' lang='lat'>.</span> 
     </span>
     <span class='ocr_line' id='line_1_30' title="bbox 126 3440 1047 3513; baseline -0.008 -15"><span class='ocrx_word' id='word_1_153' title='bbox 126 3448 180 3499; x_wconf 74' lang='lat'>59⁷</span> <span class='ocrx_word' id='word_1_154' title='bbox 204 3461 251 3496; x_wconf 88' lang='lat' dir='ltr'>om.</span> <span class='ocrx_word' id='word_1_155' title='bbox 296 3444 315 3509; x_wconf 84' lang='lat'>¹,</span> <span class='ocrx_word' id='word_1_156' title='bbox 334 3461 361 3495; x_wconf 85' lang='lat' dir='ltr'>m</span> <span class='ocrx_word' id='word_1_157' title='bbox 379 3461 460 3512; x_wconf 68' lang='lat' dir='ltr'>maro.</span> <span class='ocrx_word' id='word_1_158' title='bbox 478 3445 515 3496; x_wconf 60' lang='lat' dir='ltr'>Ei</span> <span class='ocrx_word' id='word_1_159' title='bbox 536 3442 549 3513; x_wconf 85' lang='grc' dir='ltr'>ΙΙ</span> <span class='ocrx_word' id='word_1_160' title='bbox 578 3445 777 3499; x_wconf 82' lang='lat' dir='ltr'>ti98breu1sA</span> <span class='ocrx_word' id='word_1_161' title='bbox 800 3444 871 3495; x_wconf 81' lang='lat' dir='ltr'>ieuxs</span> <span class='ocrx_word' id='word_1_162' title='bbox 890 3443 940 3509; x_wconf 81' lang='grc' dir='ltr'>Εψ</span> <span class='ocrx_word' id='word_1_163' title='bbox 963 3440 975 3508; x_wconf 73' lang='grc' dir='ltr'>ΙΙ</span> <span class='ocrx_word' id='word_1_164' title='bbox 998 3443 1047 3492; x_wconf 85' lang='grc'>603</span> 
     </span>
    </p>
   </div>
   <div class='ocr_carea' id='block_1_10' title="bbox 125 3508 1047 3649">
    <p class='ocr_par' dir='ltr' id='par_1_10' title="bbox 125 3508 1047 3649">
     <span class='ocr_line' id='line_1_31' title="bbox 126 3508 1047 3633; baseline -0.004 -69"><span class='ocrx_word' id='word_1_165' title='bbox 126 3513 219 3594; x_wconf 74' lang='lat' dir='ltr'>decos</span> <span class='ocrx_word' id='word_1_166' title='bbox 238 3512 264 3562; x_wconf 88' lang='lat' dir='ltr'><em>A</em></span> <span class='ocrx_word' id='word_1_167' title='bbox 292 3513 383 3594; x_wconf 73' lang='lat' dir='ltr'>dahee</span> <span class='ocrx_word' id='word_1_168' title='bbox 402 3513 428 3563; x_wconf 80' lang='lat' dir='ltr'><em>E</em></span> <span class='ocrx_word' id='word_1_169' title='bbox 458 3510 484 3633; x_wconf 52' lang='grc' dir='ltr'>Ιὲ</span> <span class='ocrx_word' id='word_1_170' title='bbox 514 3515 564 3566; x_wconf 76' lang='grc'>606</span> <span class='ocrx_word' id='word_1_171' title='bbox 587 3513 699 3565; x_wconf 82' lang='lat' dir='ltr'>diuitias</span> <span class='ocrx_word' id='word_1_172' title='bbox 717 3514 742 3565; x_wconf 89' lang='grc' dir='ltr'><em>Α</em></span> <span class='ocrx_word' id='word_1_173' title='bbox 769 3512 880 3564; x_wconf 82' lang='lat' dir='ltr'>diuinos</span> <span class='ocrx_word' id='word_1_174' title='bbox 898 3508 1047 3591; x_wconf 53' lang='lat' dir='ltr'>eod3Oolo·</span> 
     </span>
     <span class='ocr_line' id='line_1_32' title="bbox 125 3572 1038 3649; baseline -0.005 -17"><span class='ocrx_word' id='word_1_175' title='bbox 125 3584 233 3633; x_wconf 77' lang='lat' dir='ltr'>ntensie.</span> <span class='ocrx_word' id='word_1_176' title='bbox 256 3597 280 3632; x_wconf 86' lang='lat' dir='ltr'>o.</span> <span class='ocrx_word' id='word_1_177' title='bbox 298 3581 407 3634; x_wconf 80' lang='lat' dir='ltr'>diumot</span> <span class='ocrx_word' id='word_1_178' title='bbox 418 3583 458 3632; x_wconf 76' lang='lat' dir='ltr'>ltu</span> <span class='ocrx_word' id='word_1_179' title='bbox 505 3579 517 3649; x_wconf 76' lang='lat' dir='ltr'>ss</span> <span class='ocrx_word' id='word_1_180' title='bbox 532 3584 582 3634; x_wconf 82' lang='lat'>610</span> <span class='ocrx_word' id='word_1_181' title='bbox 601 3581 758 3634; x_wconf 79' lang='lat' dir='ltr'>extimescit</span> <span class='ocrx_word' id='word_1_182' title='bbox 769 3581 794 3632; x_wconf 79' lang='lat' dir='ltr'><em>A</em></span> <span class='ocrx_word' id='word_1_183' title='bbox 814 3582 977 3645; x_wconf 79' lang='lat' dir='ltr'>expauesext</span> <span class='ocrx_word' id='word_1_184' title='bbox 989 3576 1015 3627; x_wconf 82' lang='lat' dir='ltr'><em>E</em></span> <span class='ocrx_word' id='word_1_185' title='bbox 1025 3572 1038 3644; x_wconf 77' lang='grc' dir='ltr'>ΙΙ</span> 
     </span>
    </p>
   </div>
   <div class='ocr_carea' id='block_1_11' title="bbox 180 3661 844 3737">
    <p class='ocr_par' dir='ltr' id='par_1_11' title="bbox 180 3661 844 3737">
     <span class='ocr_line' id='line_1_33' title="bbox 180 3661 844 3737; baseline 0.003 -2"><span class='ocrx_word' id='word_1_186' title='bbox 180 3698 306 3736; x_wconf 71' lang='lat' dir='ltr'>sumum</span> <span class='ocrx_word' id='word_1_187' title='bbox 325 3700 407 3737; x_wconf 72' lang='grc' dir='ltr'><strong>ΤΒΑΘ.</strong></span> <span class='ocrx_word' id='word_1_188' title='bbox 824 3661 844 3725; x_wconf 78' lang='grc'>6</span> 
     </span>
    </p>
   </div>
   <div class='ocr_carea' id='block_1_12' title="bbox 0 0 1292 4046">
    <p class='ocr_par' dir='ltr' id='par_1_12' title="bbox 0 0 1292 4046">
     <span class='ocr_line' id='line_1_34' title="bbox 0 0 1292 4046; baseline 0 0"><span class='ocrx_word' id='word_1_189' title='bbox 0 0 1292 4046; x_wconf 95' lang='lat' dir='ltr'> </span> 
     </span>
    </p>
   </div>
  </div>
 </body>
</html>
