2484 4044
218 245 285 309 402
609 258 752 306 ruebam

221 401 375 461 ‘resistite’
391 400 502 476 inquit:
526 402 602 458 ‘nou
619 399 702 458 iuror
718 405 846 458 mentem
863 398 999 470 abstulit,
1101 444 1114 461 .

222 486 324 546 furore
340 485 461 562 grauius
476 483 553 543 istud
569 490 657 562 atque
673 485 715 543 ira
732 482 841 543 matum
858 492 910 544 est.

222 571 252 630 iu
269 587 317 630 me
331 572 414 629 iuuat
429 572 569 628 saeuire!
600 571 651 628 uix
667 574 780 644 pestem
796 568 906 628 iudicat

222 663 252 716 et
267 656 374 715 saeuit:
399 659 481 713 artus
496 655 561 730 ipse
577 653 719 714 dilacerat
732 671 803 713 suos

222 745 252 800 et
266 737 401 799 membra
418 745 500 798 uasta
516 738 611 814 carpit
626 737 759 797 auelieus
775 755 881 797 manu:

221 841 332 885 exuere
348 824 474 883 amiotus
489 823 615 900 quaerit.
647 822 704 882 boe
721 822 815 883 solum
832 822 991 882 Herculem

221 927 282 969 nou
299 926 386 985 posse
402 907 480 977 uidi,
498 906 617 967 trabere
634 914 757 967 conatus
772 913 872 967 tamen

221 1001 252 1054 et
266 992 400 1053 membra
415 993 518 1051 traxit:
543 994 678 1070 eorporis
694 991 769 1068 palia
786 991 900 1052 horridi

219 1096 290 1156 pars
306 1084 351 1137 est
365 1083 395 1135 et
409 1077 503 1155 ipsam
519 1079 650 1137 uestibus
666 1079 771 1136 miscet
786 1084 892 1136 cutem.

219 1181 277 1222 neo
293 1179 380 1222 eausa
397 1161 478 1221 dirae
495 1159 585 1221 eladis
600 1161 630 1220 in
650 1160 746 1220 medio
762 1166 859 1238 patet,

221 1247 273 1309 sed
291 1264 378 1307 eausa
394 1253 492 1306 tamen
510 1253 562 1305 est.
594 1246 705 1322 uirque
720 1246 871 1306 sufficiens
886 1242 963 1303 malo

219 1351 300 1393 nuuc
316 1349 368 1391 ore
385 1338 496 1391 terram
511 1328 670 1407 languidus
686 1347 780 1407 prorm
797 1331 920 1406 premit,

219 1436 299 1477 nune
316 1417 414 1494 poseit
428 1414 537 1482 undas,
554 1414 633 1475 unda
649 1432 707 1472 nou
723 1415 815 1474 uiucit
830 1413 948 1473 matum.

219 1501 376 1561 fluctisona
392 1500 508 1576 quaerit
521 1497 608 1559 litora
625 1506 654 1558 et
669 1506 791 1576 pontum
807 1503 946 1576 oeoupat:
1021 1511 1208 1557 r.cxxxxvur

220 1584 374 1646 famularis
389 1583 471 1643 ilium
487 1584 596 1645 retinet
610 1589 759 1663 errantem
777 1600 891 1643 marrus.
1170 1599 1208 1647 uu

219 1677 350 1728 DEJAN.
368 1686 385 1728 o
401 1675 512 1728 sortem
529 1668 677 1728 acerbam.
701 1669 817 1727 fuimus
832 1666 950 1727 Alcidae
966 1685 1068 1744 pares.

219 1761 314 1812 HVL.
331 1770 410 1812 nune
425 1752 533 1831 puppis
548 1751 629 1812 illum
646 1751 732 1811 litore
748 1750 872 1811 euboico
887 1751 981 1812 refert

219 1845 378 1914 austerque
394 1836 469 1897 leuis
484 1836 599 1915 pondus
615 1836 787 1897 herculeum
804 1838 889 1914 rapit.

217 1935 340 1983 Durare.
358 1922 489 1982 destituit
503 1924 619 1981 animus
634 1919 777 1988 membra,
796 1938 853 1979 uox
870 1919 970 1980 ocules
986 1924 1116 1999 premit.
1147 1937 1210 1993 ,848

218 2007 288 2085 quid
306 2008 403 2067 anime
419 2007 535 2067 cessas?
559 2005 627 2084 quid
644 2005 763 2083 stupes?
786 2005 896 2065 sactum
914 2012 958 2065 est
972 2004 1086 2067 scelus.

217 2100 320 2152 uatum
336 2093 466 2170 reposcit
481 2090 614 2170 Iuppiter
629 2089 702 2150 Iuno
718 2087 884 2160 aemulum,

217 2176 391 2237 reddendus
406 2175 471 2235 orbi
487 2182 541 2236 est.
571 2175 650 2254 quod
667 2182 751 2252 potes
766 2173 858 2234 redde
874 2173 995 2243 exhibe,

217 2270 265 2321 eat
281 2279 335 2339 per
351 2267 433 2321 artus
450 2259 529 2320 ensis
545 2268 665 2321 exactus
681 2277 773 2319 meos.

217 2347 316 2407 sicsic
331 2345 478 2423 agendum
496 2351 548 2405 est.
565 2379 608 2390 -
625 2352 684 2404 tam
699 2343 773 2403 leuis
788 2360 900 2420 poenas
916 2361 1020 2403 uranus
1167 2359 1211 2408 uad

217 2434 306 2491 tantis
322 2429 469 2508 reposcit?
493 2428 583 2489 redde
600 2427 772 2488 fulminibus
787 2444 895 2504 precor

219 2529 325 2575 nurum
342 2514 506 2574 scelestam.
538 2531 596 2573 uee
611 2513 671 2574 leui
687 2510 746 2572 telo
762 2529 867 2571 manus

221 2628 305 2633 w-
364 2625 419 2632 —--

217 2665 390 2729 (membrum)
410 2664 497 2714 multo
515 2665 630 2716 uulnere
650 2665 819 2714 ambesum
836 2663 957 2726 undique
976 2661 1025 2727 (eie
1037 2666 1065 2714 A
1078 2667 1144 2716 ab·

214 2749 274 2850 iii
281 2728 1145 2865 itiiditiitii'diibdiiiiutitibud‘btd

214 2869 285 2918 Pare
295 2871 338 2916 est
347 2867 371 2916 A
385 2863 396 2932 Η
408 2867 498 2931 ipsam
508 2867 533 2915 E
537 2870 573 2932 p?
584 2869 648 2933 ipsa
659 2869 683 2916 A
696 2863 708 2933 Η
719 2868 806 2917 uestis
816 2867 984 2917 immiscetur
996 2868 1143 2919 uestibus

117 2990 122 3003 ¹
214 2936 313 2986 miscet
335 2936 431 2999 arripui
452 2931 465 3001 Η
488 2937 537 2986 837
561 2936 609 2985 sed
633 2950 721 2985 eausa
743 2938 836 2984 tanto
862 2940 904 2985 est
926 2935 1034 2998 uisque
1058 2951 1079 2984 s.
1100 2952 1140 2987 m.

214 3005 290 3055 NHo.
318 3003 424 3069 uisque
443 3010 469 3053 et
488 3004 566 3054 Gron.
588 3005 618 3053 ei.
643 3000 655 3070 Η
678 3004 728 3054 838
746 3002 846 3068 premit
863 3001 889 3050 E
916 3002 982 3052 ferit
998 3003 1024 3052 A
1048 2998 1142 3119 Η1840

212 3071 377 3121 Fluetisona
396 3071 421 3121 E
432 3071 507 3121 AER
525 3072 563 3120 ut
579 3074 646 3120 nota
664 3071 689 3119 A
702 3066 713 3136 Η
725 3072 775 3121 842
792 3070 946 3120 Deianirae
965 3071 1036 3128 dedi,
1083 3072 1144 3134 ylli

213 3145 253 3188 est
271 3155 292 3188 ω
309 3135 320 3205 Η
338 3139 387 3190 843
406 3140 472 3190 ferit
489 3138 514 3188 E
536 3139 630 3189 uehit
649 3138 727 3188 Gron.
751 3138 858 3188 ferens
878 3139 952 3187 NHr.
976 3138 1064 3187 refert
1081 3140 1111 3188 A

212 3207 264 3256 845
282 3206 356 3257 DEI,
376 3205 402 3255 Ε
419 3209 526 3271 Lipsiae
546 3203 675 3271 (eadm)
694 3222 740 3256 om.
753 3200 864 3271 ΑΗ846
882 3205 956 3257 DEI.
975 3205 1000 3254 A
1019 3221 1068 3255 om.
1081 3206 1111 3254 E

213 3275 320 3324 factum
345 3278 388 3323 est
405 3275 496 3325 scelus
515 3274 575 3324 ER
592 3275 698 3338 Lipsiae
715 3271 768 3336 (ear
784 3273 840 3339 AE)
872 3277 916 3323 est
933 3289 979 3323 om.
997 3272 1023 3321 A
1047 3268 1059 3338 Η
1082 3273 1142 3325 848
1238 3314 1239 3325 r

213 3346 344 3408 potestur
363 3347 445 3407 potes
465 3342 544 3392 Gron.
560 3338 572 3408 Η
589 3342 672 3392 redde
690 3341 716 3390 E
733 3340 813 3391 reddi
830 3341 855 3390 A
873 3335 886 3407 Η
906 3342 956 3392 849
975 3346 1089 3390 exactos
1109 3341 1141 3390 B
1238 3336 1239 3355 ¹

214 3415 328 3460 exactus
347 3410 372 3459 A
386 3407 457 3476 11851
476 3411 583 3459 Tantas
601 3410 641 3460 εΑ
660 3411 753 3460 Tanta
771 3409 793 3459 11
811 3409 918 3458 Tantis
936 3409 1042 3472 Lipsiae
1061 3408 1140 3458 Tua
1238 3414 1239 3417 ’

213 3480 245 3525 te
264 3477 339 3525 NHe.
359 3480 423 3526 cont.
438 3476 500 3527 Oed.
519 3479 576 3524 957.
590 3473 602 3541 Η
614 3476 696 3526 redde
715 3476 775 3541 Εψ
794 3475 860 3526 tolle
879 3476 903 3524 A
922 3475 1011 3540 perde
1029 3475 1136 3539 Rapie-

212 3544 310 3606 tenpiur
321 3539 333 3606 Η
345 3556 442 3606 precor
460 3542 485 3590 Ε
503 3557 583 3592 soeer
600 3543 625 3592 A
649 3540 661 3608 Η
1238 3534 1239 3609 1
