2536 4046
503 254 702 303 PRAEFATIO
1014 257 1081 306 x111

125 431 196 471 uero
219 420 283 470 ante
305 412 452 469 Frontonis
474 422 591 470 aetatem
611 417 703 488 potuit
723 415 815 472 scribi,
854 416 920 472 Nam
936 432 997 472 cum
1021 415 1080 474 aliis

126 498 298 573 argumentis
306 496 420 554 Vaterus
429 497 516 570 (misc.
528 499 588 555 crit.
602 499 696 558 iascv
708 500 821 557 inlaHni
832 501 920 557 annal.
932 502 998 575 phil.
1006 518 1080 559 v1111

127 584 211 641 1853
228 601 255 656 p.
268 582 330 640 588
343 582 415 657 sqq.)
431 592 459 640 et
474 584 606 640 Braunius
621 582 651 656 (l.
667 584 685 640 l.
702 602 730 657 p.
740 584 780 643 56
793 583 828 658 s.)
844 586 985 648 euicerint‚
1002 603 1081 660 prae-

124 677 218 724 textae
229 676 369 724 auctorem
381 685 436 723 non
447 685 534 741 paruo
548 671 679 742 temporis
695 670 841 727 interuallo
853 670 887 726 ab
899 680 988 727 aetate
996 671 1081 728 Nero-

124 755 208 808 niana
229 753 346 815 distare,
370 761 427 809 tum
446 761 476 808 ut
491 754 644 810 referamus
663 761 727 827 post
748 770 809 810 eum
832 757 880 828 qui
895 755 1038 811 Herculem
1054 773 1080 812 11

125 838 253 911 scripsit,
282 839 403 893 rationes
426 840 555 895 metricae
582 838 727 895 adducunt.
773 839 806 894 Vt
827 855 894 895 uero
923 840 1079 897 adcuratius

124 921 256 979 Octauiae
268 931 384 978 aetatem
396 921 565 985 definiamus,
581 939 616 977 ne
628 941 643 980 a
654 938 721 979 uero
735 924 816 979 nimis
827 924 909 996 longe
921 924 1079 981 aberremus

125 1023 184 1063 non
198 1023 327 1062 ueremur
343 1009 366 1063 si
381 1009 439 1080 pari
455 1007 514 1064 lere
530 1007 678 1064 interuallo
694 1008 754 1063 eius
771 1017 909 1065 auctorem
925 1010 1079 1065 seiunctum

124 1106 189 1147 esse
205 1091 320 1147 dicimus
335 1109 350 1147 a
366 1091 512 1149 Frontonis
529 1101 557 1148 et
572 1110 587 1147 a
602 1093 680 1148 boeti
696 1093 816 1149 saeculo.
846 1093 947 1150 Herum
962 1096 1033 1149 enlm
1050 1095 1076 1148 in

124 1176 178 1232 hac
190 1175 332 1250 tragoedia
347 1184 526 1234 tractatarum
538 1186 648 1250 praeter
659 1176 778 1233 Senecae
792 1176 878 1234 libros
895 1195 964 1251 qnos
980 1178 1014 1233 de
1024 1178 1079 1235 cle·

124 1261 230 1316 mentia
246 1261 278 1316 ad
293 1261 427 1317 Neronem
443 1264 554 1337 scripsit
569 1262 631 1319 lons
647 1270 689 1318 est
704 1263 849 1335 primarius
865 1263 985 1328 Tacitus,
1001 1264 1079 1318 cuius

126 1345 216 1400 studia
232 1353 378 1420 postquam
394 1346 440 1402 diu
462 1349 570 1402 iacuere
585 1349 747 1402 resuscitata
762 1363 823 1403 esse
844 1355 942 1420 quarto
961 1346 1079 1409 saeculo,

128 1437 296 1485 auctorent
321 1430 433 1486 uidetur
460 1430 553 1487 Tacito
577 1430 706 1493 Caesare,
735 1431 869 1504 Vopiscus
896 1430 1079 1504 Hieronymus

128 1513 242 1569 Orosius
263 1522 408 1571 testantur.
453 1513 523 1582 outa
544 1516 630 1589 igitur
650 1515 755 1587 inpedit
775 1516 923 1589 quominus
945 1515 997 1571 hoc
1018 1517 1079 1588 ipso

125 1599 236 1655 saeculo
252 1599 391 1657 Octauiam
408 1600 539 1674 scriptam
556 1615 617 1656 esse
631 1599 711 1655 uobis
727 1599 959 1673 persuadeamus?
986 1599 1079 1656 Eidem

123 1698 195 1739 uero
217 1683 329 1740 saeculo
351 1684 473 1758 uolgan's
497 1686 665 1740 recensionis
687 1685 820 1758 originem
842 1684 935 1741 deberi
965 1685 1079 1740 arbitra-

123 1783 196 1822 mur.
240 1767 314 1836 Quae
336 1778 367 1825 ut
387 1778 453 1843 post
473 1769 595 1826 Iactanti
620 1769 665 1825 uel
687 1769 766 1825 Serui
789 1777 904 1826 aetatem
927 1768 996 1826 iacta
1018 1785 1079 1824 esse

124 1855 238 1925 nequit,
254 1853 393 1927 ita-multo
410 1863 475 1928 post
490 1854 516 1910 id
533 1863 641 1927 tempus
657 1871 711 1927 quo
727 1855 756 1909 E
770 1855 938 1910 recensionis
954 1854 1079 1927 archety-

123 1955 178 2011 pus
194 1947 320 1994 exaratus
336 1944 378 1994 est
402 1955 460 1994 eam
476 1947 565 1995 ortam
587 1955 648 1994 esse
664 1939 726 1996 inde
747 1937 903 1995 necessario
918 1938 1078 2010 conligitnr,

122 2023 200 2096 quod
215 2024 326 2079 cbartae
347 2022 408 2079 illae
424 2023 636 2098 tragoediarum
651 2040 712 2079 cum
729 2025 754 2078 Α
769 2023 896 2080 librarius
917 2040 962 2079 eas
977 2022 1079 2079 descri-

123 2106 197 2182 psit,
227 2107 316 2163 multo
343 2107 518 2181 grauioribus
539 2108 644 2164 damnis
670 2108 782 2165 allectae
809 2116 887 2165 erant
914 2107 959 2179 (u.
981 2106 1078 2179 infra),

125 2209 208 2266 quam
225 2192 326 2264 quibus
341 2192 437 2248 librari
452 2193 481 2247 E
495 2200 584 2249 aetate
600 2192 770 2250 laborabant.
808 2191 898 2260 Quare
914 2207 1079 2264 comaeque

122 2285 189 2349 post
210 2285 316 2352 sextum
339 2276 383 2332 uel
405 2280 499 2351 potius
521 2279 665 2351 quintum,
697 2294 787 2350 neque
809 2285 871 2332 ante
893 2276 1008 2331 alterum
1031 2276 1078 2330 sed

124 2360 266 2433 aliquanto
280 2369 345 2434 post
358 2361 426 2417 lacta
442 2378 504 2417 csse
519 2378 574 2418 non
587 2362 676 2435 possit
686 2361 836 2422 non-erodi,
854 2368 953 2432 quarto
969 2359 1079 2415 uidetur

124 2444 271 2501 tribuenda
287 2463 349 2502 esse
364 2445 489 2508 saeculo,
516 2462 572 2518 quo
594 2447 655 2517 ipso
672 2445 790 2501 Senecae
805 2443 962 2517 philosophi
985 2452 1079 2500 ancto-

124 2529 235 2585 ritatem
258 2545 310 2604 per
325 2530 494 2587 lactantium
509 2529 705 2603 Hieronymum
720 2531 903 2601 Augustinum
922 2530 1079 2585 restitutam

124 2629 187 2669 ease
207 2623 326 2671 constat.
365 2615 467 2684 Quodsi
483 2615 596 2672 Octauia
612 2614 693 2687 paulo
717 2623 780 2670 ante
795 2613 966 2670 recensionis
982 2613 1079 2685 uolga-

122 2701 164 2754 ris
181 2701 316 2773 originem
333 2702 474 2774 conposita
498 2709 554 2763 est,
582 2699 676 2773 quidni
699 2698 773 2756 illam
795 2698 829 2755 ab
850 2699 930 2753 initio
946 2715 1007 2754 cuna
1028 2698 1079 2755 hac

121 2784 263 2840 coaluisse
285 2786 431 2857 putemus?
465 2785 550 2841 Immo
572 2784 640 2840 haec
663 2784 756 2858 opinio
780 2799 812 2840 ea
832 2800 862 2839 re
883 2799 943 2840 cum
965 2783 1078 2839 manime

120 2869 328 2943 conprobatur,
351 2870 433 2942 ‘qnod
460 2887 492 2925 es
518 2868 645 2926 omnibus
671 2885 789 2941 quornm
817 2868 926 2941 quidem
953 2868 1079 2922 notitiam

120 2952 257 3022 lrabemus
281 2953 325 3025 (et
344 2970 493 3029 permagna
514 2962 558 3010 est
581 2952 676 3027 copia)
698 2952 868 3010 recensionis
891 2952 916 3007 Α
938 2951 1078 3007 codicibus

121 3054 158 3093 ne
182 3055 253 3094 ortus
276 3038 385 3111 quidem
406 3047 547 3113 praetexta
569 3045 645 3094 caret
666 3046 693 3093 et
709 3055 804 3094 omnes
830 3053 888 3092 eam
904 3053 959 3093 non
980 3036 1078 3093 ultimo

122 3122 172 3178 sed
188 3121 358 3196 paenultimo
379 3123 441 3179 loco
462 3124 571 3180 babent.
604 3121 682 3189 Quod
698 3140 753 3197 quo
775 3131 856 3197 pacto
872 3121 932 3178 fieri
953 3121 1078 3195 potuisse

119 3206 219 3264 credes
241 3209 295 3263 nisi
321 3206 410 3265 abeo
432 3211 477 3282 qni
502 3209 683 3282 archetypum
703 3208 835 3265 librorum
857 3206 1027 3264 recensionis
1052 3208 1078 3262 Α

123 3348 332 3356 -—-——-——-

118 3425 145 3478 6,
164 3427 208 3474 20.
243 3425 278 3474 In
296 3428 419 3475 aetatum
436 3425 623 3490 descriptione
640 3424 755 3474 Boetius
774 3421 863 3487 (115)
881 3438 937 3472 uon
954 3421 1079 3483 sequitur

119 3491 185 3542 Oct.
201 3494 252 3542 408
267 3508 326 3558 sqq.
344 3493 394 3543 aed
411 3492 491 3543 Ouid.
509 3494 546 3543 M.
563 3492 622 3543 189
635 3507 693 3557 sqq.
712 3496 741 3542 et
757 3491 820 3542 Seu.
833 3489 938 3542 Phaed.
952 3490 1001 3540 533
1014 3504 1074 3554 sqq.

118 3559 164 3611 De
180 3558 338 3612 Claudiano
350 3578 377 3615 u.
391 3565 447 3615 not.
462 3561 498 3612 ad
511 3577 538 3627 p.
550 3575 630 3612 v1111.
