2544 4046
360 1033 515 1079 TANTALI
530 1033 660 1078 VMBIIA.
690 1032 807 1078 FVRIA.

89 1174 106 1208 a
213 1139 285 1210 Quis
301 1157 348 1199 rue
362 1138 528 1198 interorum
545 1137 615 1197 sede
631 1138 668 1197 ab
684 1137 809 1199 infausta
829 1136 957 1197 extrahit

124 1225 213 1286 auido
229 1224 351 1300 fugaces
366 1241 418 1283 ore
435 1228 603 1300 captantem
619 1221 719 1282 cibos?

88 1328 108 1377 b
172 1309 244 1380 Quis
260 1307 336 1368 male
352 1308 475 1368 deorum
492 1304 615 1367 Tantalo
632 1309 710 1366 uisas
725 1307 829 1366 domos

125 1393 257 1454 ostendit
270 1393 398 1453 iterum?
420 1393 504 1468 peius
520 1392 674 1450 inuentum
691 1397 735 1451 est
750 1392 798 1450 siti

125 1487 228 1538 arente
243 1479 272 1537 iu
291 1476 377 1537 undis
394 1474 505 1553 aliquid
522 1482 550 1535 et
565 1476 649 1553 peius
664 1474 741 1534 tante

126 1563 226 1622 hiante
242 1562 380 1639 semper?
396 1560 514 1639 Sisyphi
530 1560 673 1638 numquid
690 1560 764 1638 lapis

125 1647 286 1724 gestandus
302 1647 413 1705 umeris
429 1644 560 1705 lubricus
577 1645 685 1705 nostris
701 1644 803 1704 ueniti

85 1742 112 1801 b'
163 1735 220 1792 Aut
235 1730 370 1790 membra
387 1729 476 1790 celeri
493 1729 633 1789 disserens
650 1747 740 1790 cursu
756 1730 839 1789 rota?

62 1879 66 1885 ,
126 1823 177 1878 aut
191 1834 287 1893 poena
304 1817 388 1894 Tityi,
405 1818 455 1893 qui
472 1832 562 1892 specu
579 1821 662 1873 uasto
678 1821 782 1892 patens

126 1901 291 1962 uisceribus
307 1908 386 1960 atras
401 1901 495 1977 pascit
510 1899 622 1959 effossis
638 1917 717 1968 aues,
908 1911 930 1951 r.
946 1910 1041 1952 carini
1062 1905 1095 1953 10

126 1996 156 2046 ct
171 1994 259 2046 nocte
274 2002 417 2062 reparans
443 1983 581 2062 quioquid
599 1984 694 2044 amisit
710 1983 767 2052 die,

125 2068 245 2148 pienum
262 2070 378 2129 recenti
393 2066 533 2148 pabulum
553 2076 686 2127 monstro
703 2067 796 2128 iacet?

91 2186 108 2219 o
168 2154 202 2214 In
218 2155 297 2231 quod
313 2151 423 2212 malurn
440 2152 645 2212 transothori
667 2171 684 2212 o
701 2153 834 2231 quisquis
854 2171 929 2212 noua

126 2238 270 2316 supplicia
286 2239 395 2298 functis
410 2237 502 2297 durus
519 2236 691 2297 umbrarum
709 2237 820 2297 arbiter

93 2344 97 2351 ’
128 2323 270 2401 disponis,
288 2322 358 2382 atlda'
371 2324 395 2380 si
412 2321 481 2398 quid
499 2321 534 2381 ad
551 2340 662 2399 poenas
678 2330 784 2399 potest,

128 2408 205 2487 quod
222 2409 284 2486 ipse
301 2415 399 2466 custos
415 2407 542 2466 carceris
558 2406 615 2465 diri
631 2406 761 2473 horreat,

91 2500 115 2559 c'
171 2491 254 2562 Quod
270 2499 400 2552 maestus
416 2491 553 2551 Acheron
570 2498 690 2568 paueat,
708 2488 744 2548 ad
761 2490 845 2550 cuius
863 2498 972 2550 metum

195 2695 331 2746 INCIPIT
357 2692 361 2756 Ι
388 2668 585 2743 THYESTES.
614 2690 813 2742 FELICITER
843 2691 848 2756 Ι
875 2693 1044 2745 TANTALI.

127 2778 441 2829 VMBRA·FVRIA.E
464 2774 476 2844 {l
505 2776 928 2831 'TANTALVS·MEGARA.A
958 2774 969 2844 ΙΙ
1000 2778 1045 2828 ‘In

29 2914 36 2919 ,
127 2881 170 2912 mr.
190 2866 278 2913 codice
297 2864 439 2914 ATREVS
457 2863 655 2913 inscribebatur'
674 2863 750 2912 NHs.

197 3032 210 3080 1
235 3032 303 3094 Quis
321 3047 364 3080 me
382 3032 459 3081 furor
478 3047 551 3082 nunc
573 3030 638 3081 sede
659 3032 693 3081 ab
712 3031 838 3081 infausta
861 3024 1000 3082 abstrahit
1019 3034 1043 3080 A

127 3099 233 3149 TANT.
258 3101 317 3161 (aed
331 3115 417 3164 poeno
437 3102 564 3149 detersum
581 3116 635 3149 cum
656 3098 778 3160 scholiis.)
800 3100 868 3161 Quis
893 3101 1043 3150 inferorum

128 3168 193 3217 sede
214 3167 248 3216 ab
267 3168 393 3217 Infausta
413 3167 535 3216 extrahit
552 3167 578 3215 E
608 3167 675 3229 Quis
694 3182 742 3215 me
754 3166 904 3216 inferorum
924 3166 989 3218 sede
1009 3167 1043 3216 ah

128 3235 252 3285 infausta
270 3235 391 3284 extrahit
409 3235 449 3284 ‚aa
481 3231 493 3299 il
527 3238 543 3285 3
561 3235 641 3284 uiuae
660 3234 754 3284 domos
773 3236 805 3283 Α·
827 3235 905 3285 uisas
924 3237 1002 3285 domo
1021 3235 1046 3283 Ε

129 3303 243 3352 inuisas
262 3305 294 3352 ci.
308 3303 383 3353 NHc.
404 3307 502 3353 iussas
521 3305 552 3352 ci.
567 3303 620 3352 BP.
645 3298 656 3367 ΙΙ
680 3300 696 3352 9
716 3307 764 3351 aut
776 3318 867 3367 poena
880 3303 956 3367 Tityi
976 3318 1044 3350 sem·

128 3385 176 3436 per
194 3385 361 3420 accrescens
385 3372 461 3421 iecur
479 3371 503 3419 A
536 3386 561 3423 a.
581 3388 608 3436 p.
628 3375 647 3419 t.
668 3372 714 3435 qui
733 3386 818 3435 specu
841 3377 922 3420 uasto
946 3376 1046 3434 pateus

130 3453 237 3503 semper
256 3453 420 3488 accrescens
439 3440 516 3488 iecur
528 3439 568 3488 aa
598 3454 622 3487 a.
642 3455 668 3503 p.
687 3444 707 3488 t.
727 3441 775 3500 qui
793 3452 878 3502 specu
895 3442 977 3486 uasto
997 3451 1046 3499 pa-

101 3522 103 3527 ’
129 3511 189 3555 teus
208 3503 365 3570 (om.semp.
380 3523 422 3555 ac.
437 3503 506 3571 i.)E
528 3502 539 3571 Η
564 3509 595 3556 10
612 3506 809 3555 uulneribusto
826 3500 1036 3569 uisceribusocll

130 3575 160 3623 15
179 3572 284 3623 adden
303 3574 436 3626 addiBo.
461 3572 473 3640 Ι]
496 3576 612 3639 potesA
632 3573 761 3638 potestE
775 3570 875 3635 (ont.)
900 3567 911 3637 Η
