2544 4040
509 270 676 318 PHAEDRA

129 411 293 487 stringatur
309 408 403 468 ensis:
428 412 531 469 merita
547 408 690 489 supplicia
707 413 812 487 exigat,

131 513 168 556 ειι
184 493 356 571 inpudiouni
373 492 455 552 crine
471 502 607 553 contorto
623 504 711 572 eaput

130 580 216 640 laeua
232 578 351 638 retlexi:
375 579 477 637 iustior
494 595 653 657 numquam
670 579 743 640 iocis

130 664 217 724 datus
233 664 290 722 tuis
306 671 350 722 est
364 664 485 737 sanguis
500 665 692 741 arquitenens
707 664 771 725 dea.

92 757 111 805 h
176 760 232 807 ΡΗ.
255 746 412 826 Hippolyte
429 764 509 806 nune
524 765 571 806 ιιιε
588 756 755 824 compotem
771 752 832 809 uoti
849 751 933 812 iacis:

130 849 217 891 sanas
233 833 393 892 furentem.
424 834 518 891 maius
533 831 590 892 hoe
606 841 675 893 uoto
693 852 760 893 meo
777 843 820 894 est

129 915 213 977 saluo
231 914 571 993 utpudoremanibus
586 918 730 977 inmoriar
744 921 812 979 tuis.
1064 933 1113 981 720
1204 945 1214 968 ι

36 995 42 1003 ’
129 1013 224 1059 ΗιΡΡ.
242 998 377 1060 abscede.
407 999 490 1059 uiue:
515 1018 552 1060 ne
567 1001 637 1080 quid
653 1020 759 1062 exores
775 1012 804 1063 et
820 1004 866 1063 hio

130 1092 284 1144 contaetus
300 1085 378 1144 ensis
393 1082 511 1144 deserat
526 1094 638 1145 eastum
653 1086 738 1147 latus.

87 1170 119 1227 e“
174 1169 246 1239 Quis
261 1167 339 1228 eiuet
354 1186 401 1227 me
416 1167 541 1228 Tanais?
563 1177 612 1231 aut
628 1188 703 1247 quae
718 1170 852 1232 barbaris

128 1254 254 1313 maeotis
269 1252 357 1313 undis
373 1253 493 1329 pontico
508 1254 684 1314 incumbens
701 1256 792 1315 mari?

128 1356 189 1397 non
206 1339 269 1415 ipse
284 1344 346 1397 toto
362 1354 486 1414 magnus
502 1355 613 1398 oceano
630 1348 714 1415 pater
1063 1353 1112 1401 725

129 1429 245 1482 tantum
262 1422 388 1500 expiarit
402 1420 532 1486 sceleris.
563 1422 688 1482 osiiuae
704 1442 721 1481 o
739 1424 827 1483 ierae.

93 1531 111 1579 g
172 1519 251 1565 nvn.
276 1506 424 1585 Deprensa
441 1504 526 1584 eulpa
543 1513 595 1567 est.
623 1509 719 1567 anime
735 1507 804 1585 quid
817 1509 914 1586 segnis
926 1511 1044 1589 stupes?

127 1608 303 1667 regeramus
320 1591 374 1667 ipsi
389 1591 501 1650 crimen
517 1600 606 1667 atque
622 1590 699 1651 uitro
716 1592 833 1669 impiam

128 1692 269 1737 uenerem
286 1692 452 1752 arguamus.
482 1675 629 1736 sceiere
645 1676 803 1737 uelandum
820 1686 864 1737 est
880 1677 1015 1740 scelus.

126 1760 309 1820 tutissimum
327 1765 371 1819 est
386 1759 497 1819 inferre
514 1778 581 1819 eum
597 1762 702 1820 timeas
717 1762 851 1839 gradum.
871 1795 875 1801 ⁴
1059 1777 1109 1826 730

127 1862 217 1904 ausae
233 1845 349 1922 priores
365 1844 457 1903 simus
472 1861 508 1904 an
525 1862 628 1922 passae
645 1846 726 1907 netas
1144 1864 1150 1873 ·

126 1935 243 1989 secreta
259 1946 326 1988 oum
344 1928 381 1988 sit
396 1926 483 2006 eulpa
499 1929 564 2006 quis
580 1931 661 1989 testis
676 1930 769 1990 soiet?

86 2012 113 2085 ς’
170 2012 279 2073 Adeste
294 2011 425 2072 Athenae
447 2012 505 2072 fida
521 2012 699 2074 famulorum
715 2032 820 2076 manus

125 2097 171 2156 ier
187 2115 289 2175 opem,
314 2096 432 2157 nefandi
447 2105 550 2175 raptor
565 2097 740 2179 Hippolytus
754 2101 850 2178 stupri

123 2182 215 2241 instat
229 2182 395 2258 premitque
410 2182 513 2241 mortis
528 2183 651 2242 intentat
668 2191 783 2244 metum·

124 2265 207 2325 ferro
223 2265 359 2343 pudieam
375 2273 478 2326 terret.
508 2283 543 2325 en
561 2284 704 2345 praeceps
719 2268 779 2328 abit

126 2367 289 2427 ensemque
305 2351 418 2427 trepida
434 2349 518 2429 liquit
533 2353 674 2410 attonitus
689 2352 767 2429 iuga.

124 2435 233 2512 pignus
249 2442 383 2495 tenemus
398 2433 563 2495 so'eieris.
597 2435 672 2495 hane
688 2445 829 2496 maestam
845 2438 927 2514 prius

124 2526 269 2578 recreate.

82 2601 110 2657 h'
330 2603 426 2663 Criuis
442 2610 553 2664 traotus
569 2613 596 2664 et
612 2603 728 2665 laoorae
744 2623 846 2666 nomae

125 2694 159 2747 ut
173 2693 244 2747 sunt
258 2696 431 2749 remaneant
447 2689 586 2748 saeinoris
602 2691 674 2748 tanti
691 2697 788 2751 uotae.
1054 2704 1106 2753 740

123 2771 280 2869 perferte.¹
273 2790 303 2831 ιιι
319 2771 489 2832 urbem-
455 2775 609 2852 -reeipe
624 2775 682 2833 iam
698 2791 803 2834 sensus
818 2774 900 2836 hera

123 2855 195 2934 quid
211 2864 240 2916 te
257 2857 318 2934 ipsa
335 2855 469 2917 lacerans
485 2860 615 2918 omnium
633 2858 789 2935 adspectus
801 2858 899 2941 iugis?

123 2957 210 2999 mens
225 2939 450 3021 inpudicam
458 2942 555 3002 iacere
571 2961 631 3002 non
647 2960 732 3002 casus
747 2934 830 3003 solet.

192 3177 242 3227 715
261 3181 289 3225 et
306 3175 332 3225 E
351 3192 385 3226 en
404 3178 427 3226 A
445 3174 457 3244 Η
474 3180 523 3229 718
541 3170 650 3295 fa‘ciesA
649 3178 674 3228 E
690 3175 701 3244 Η
719 3182 769 3230 720
786 3178 896 3231 soluout
913 3181 939 3231 Ε
958 3177 970 3249 Η
992 3182 1061 3232 728

120 3258 136 3294 ο
156 3242 230 3293 silua
249 3259 281 3293 eo
300 3245 378 3294 f·eree
396 3244 422 3294 Ε
433 3241 445 3312 ΙΙ
461 3247 535 3296 728Ι
528 3247 650 3327 rpsaeA
668 3247 723 3311 ipsi
739 3256 779 3312 ψε
795 3245 807 3314 ΙΙ
824 3249 874 3299 728
892 3249 1042 3301 celandum

120 3313 153 3361 ei.
173 3310 238 3363 n..P
256 3306 268 3378 11
292 3311 342 3363 735
360 3313 511 3363 inteutans
531 3316 562 3364 ci
581 3315 631 3365 Do
649 3315 699 3367 Ha.
723 3311 735 3382 ΙΙ
758 3317 807 3367 737
826 3316 962 3381 trepidam
980 3315 1006 3365 Ε
1025 3312 1039 3377 d

119 3414 171 3463 740
189 3418 271 3463 notas
289 3413 314 3463 A
338 3412 480 3481 noteldss
469 3412 556 3480 1741
570 3417 674 3466 referte
692 3417 717 3466 A
739 3417 864 3482 perferto
882 3415 908 3465 Ε
932 3412 944 3481 ΙΙ
973 3390 1040 3466 hera

119 3480 218 3542 (.oser
226 3483 296 3531 tm
274 3479 447 3615 mEJEliiii
465 3412 575 3534 idisenus
594 3483 620 3532 Ε
638 3484 766 3535 lacerans
785 3481 835 3550 ΑΙΙ
852 3489 995 3546 aspectum
1013 3484 1039 3534 A

118 3547 270 3613 adspectus
