2536 4046
302 344 306 349 .
403 276 585 326 uarrcvuns
603 264 768 347 [avarus]

126 418 306 495 rapiamque
322 414 425 477 dextra
440 414 528 494 plena
545 417 700 478 Centauris
714 418 791 496 iuga.
897 414 900 420 ’

91 522 109 571 g
175 501 238 561 Iam
252 509 354 561 monte
370 502 488 578 gemino
503 500 627 562 limitem
642 502 679 562 ad
694 521 820 583 superos
836 523 930 593 agam.
1065 526 1115 575 975

125 585 229 645 uideat
243 583 298 645 sub
314 585 388 646 Ossa
403 584 506 645 Pehon
522 585 632 647 Chiron
648 604 745 651 suum.

125 672 158 729 in
175 667 289 729 caelum
305 668 448 748 Olympus
463 672 551 729 tertio
567 673 681 749 positus
696 673 789 750 gradu

125 747 287 833 perueniat
302 761 353 815 aut
368 756 511 815 mittetur.

125 851 238 898 AMPH.
521 839 659 901 tutandos
674 841 779 918 procul

125 929 231 984 auerte
246 929 360 983 sensus.
382 924 513 1000 pectoris
528 925 591 983 sani
605 941 713 1002 parum

124 1009 228 1084 magni
242 1014 341 1067 tamen
356 1024 502 1084 conpesce
517 1007 685 1069 dementem
700 1011 853 1088 impetum.
1062 1031 1112 1080 000

81 1089 113 1160 g'
168 1104 273 1153 nuuc.
302 1090 378 1162 Quid
393 1091 469 1151 hoc?
492 1092 630 1170 Gigantes
645 1111 725 1154 arma
741 1095 874 1173 pestiferi
888 1106 1019 1159 mouent.

32 1196 39 1206 ·
125 1176 258 1254 profugit
272 1174 393 1236 umbras
408 1176 507 1255 Tityos
522 1195 557 1237 ac
571 1176 704 1239 lacerum
719 1195 828 1256 gerens
1045 1203 1144 1244 axum

125 1269 156 1320 et
170 1261 259 1320 inane
272 1268 394 1338 pectus,
412 1278 501 1338 quam
517 1279 612 1341 prope
626 1281 642 1322 a
659 1262 742 1323 caclo
757 1266 846 1325 stetit.

123 1343 206 1405 labat
220 1344 393 1413 Cithaeron,
416 1343 472 1406 alta
487 1344 607 1407 Pallene
622 1349 723 1407 tremit

123 1435 318 1507 marcentque
334 1429 454 1508 Tempe.
485 1431 584 1508 rapuit
598 1430 646 1491 hic
661 1430 748 1491 Pindi
762 1433 839 1510 iuga,
1061 1460 1110 1509 985

122 1513 173 1572 hic
188 1515 287 1591 rapuit
301 1511 405 1574 Oeten.
436 1515 529 1575 saeuit
545 1513 729 1580 horrendum
746 1516 879 1577 Mimans.

80 1610 108 1668 f'
169 1596 359 1658 Flammifera
374 1597 480 1677 Erinys
495 1598 623 1660 uerbere
639 1618 763 1662 excusso
779 1610 865 1662 sonat

121 1685 265 1760 rogisque
280 1681 398 1744 adustas
412 1684 537 1760 propius
551 1700 587 1744 ac
600 1685 727 1764 propius
742 1686 831 1747 sudes

120 1767 156 1826 ln
172 1784 224 1826 ora
240 1766 341 1827 tendit.
365 1785 453 1828 saeua
470 1767 630 1845 Tisiphone
646 1776 739 1847 caput'

119 1850 312 1931 serpentibus
326 1850 435 1912 uallata
452 1861 518 1930 post
532 1862 650 1931 raptum
667 1872 769 1915 canem

119 1944 241 2015 portam
254 1946 410 1997 uacantenr
426 1935 530 1997 clausit
545 1941 678 2016 opposita
694 1939 770 2000 iace.
791 1974 826 1983 —

82 2041 103 2090 h
167 2021 226 2081 Sed
242 2038 311 2080 ecce
327 2020 426 2098 proles
438 2023 516 2097 regis
531 2022 642 2082 inimici
656 2021 728 2085 latet
772 2064 774 2067 ψ

120 2105 192 2184 Lyci
207 2104 368 2165 nefandum
383 2123 495 2166 semen.
526 2108 622 2167 inuiso
638 2109 714 2186 patri

118 2191 196 2250 haec
211 2188 313 2249 dextra
328 2191 386 2250 iarn
402 2207 456 2250 uos
471 2191 584 2251 reddet.
616 2194 743 2253 excutiat
758 2191 833 2253 leuis

118 2292 234 2335 neruus
248 2275 378 2351 sagittas.
408 2274 466 2335 teia
480 2277 523 2336 sic
538 2276 613 2336 mitti
629 2276 714 2337 decet

119 2357 275 2419 herculea.

74 2435 105 2495 h'
164 2456 272 2508 umen.
328 2440 392 2511 Quo
407 2463 440 2504 se
455 2461 561 2504 caecus
576 2444 689 2522 inpegit
705 2444 806 2504 furor?

118 2536 233 2589 uastam
249 2529 359 2587 coactis
374 2527 455 2589 ilexit
470 2546 574 2589 arcum
591 2528 736 2589 cornibus

118 2612 348 2689 pharetramque
364 2612 466 2684 soluit,
482 2614 586 2674 stridet
602 2614 707 2674 emissa
723 2614 834 2692 impetu

117 2696 266 2759 harundo.
296 2698 393 2758 uredio
409 2697 555 2777 spiculum
572 2697 648 2759 colio
664 2699 752 2774 iugit-

115 2780 244 2842 uulnere
259 2779 372 2843 relicto.
967 2800 974 2812 ·
1058 2806 1123 2856 1000

88 2879 99 2927 i
161 2878 267 2927 Hunc,
422 2866 556 2928 Ceteram
572 2865 687 2946 protem
704 2886 806 2928 eruam
1089 2896 1091 2899 ·

185 3137 234 3185 att
253 3099 472 3203 caelumlympua
490 3137 516 3186 E
538 3132 550 3202 ΙΙ
573 3142 651 3187 terno
669 3138 694 3186 V
715 3132 727 3203 {l
750 3138 800 3188 978
818 3140 975 3203 perueniat
989 3144 1037 3189 aut

113 3205 291 3253 mittaturne
319 3200 330 3270 ΙΙ
360 3206 409 3255 981
432 3205 562 3269 pestiferi
585 3203 730 3255 eVBooit.
749 3220 796 3267 mp.
817 3206 953 3270 pestifera
973 3209 996 3255 A

113 3272 165 3322 982
183 3271 309 3336 profugit
328 3276 356 3321 et
373 3288 400 3320 u.
420 3289 439 3322 α
467 3268 478 3331 ΙΙ
506 3274 555 3323 983
571 3288 653 3337 quum
669 3270 702 3321 V¹
727 3267 740 3345 {J
768 3275 818 3323 984
835 3273 985 3337 pelleneE

112 3340 165 3390 985
183 3339 367 3403 Marcentquo
383 3341 433 3392 VA
452 3339 647 3404 Macetumque
665 3338 691 3387 E
714 3335 725 3405 Η
749 3342 798 3391 996
817 3341 926 3405 inpegit
942 3341 1037 3392 EVnn

107 3423 156 3470 pr.
175 3424 206 3456 m.
225 3407 342 3471 impedit
359 3408 400 3457 nn
417 3410 444 3457 in
461 3423 515 3460 ras.
534 3425 565 3456 m.
583 3423 635 3459 aec.
655 3407 812 3472 inuergitA
836 3405 847 3471 ΙΙ
869 3410 918 3460 998
937 3407 1036 3457 stridet
1089 3446 1095 3456 .

113 3475 224 3537 etpRI3
248 3474 341 3525 stridit
353 3476 403 3539 Αφ
427 3472 565 3542 ilvamissa
588 3473 621 3525 V¹
680 3476 729 3526 999
754 3474 872 3524 medium
889 3475 915 3524 E
936 3472 948 3541 ΙΙ
969 3478 1035 3527 1900

107 3550 287 3607 posternam
305 3544 382 3593 adm:
401 3531 475 3609 sipot
496 3541 578 3593 lib'et
600 3544 627 3592 V
