2576 4044
514 250 711 329 noauuuuo
1006 261 1070 329 325

195 432 295 482 curn.
320 419 464 497 Equidem
481 426 509 481 et
524 417 637 497 iugales
653 416 730 479 tiliae
745 418 867 479 memini
882 416 962 479 laces

152 514 181 567 et
198 522 340 583 generum
356 503 509 565 Achillem.
540 504 686 582 praestitit
703 503 790 563 matri
805 500 904 563 iidem.
1089 508 1139 565 lto
1167 544 1175 559 .

193 602 298 649 uvru.
321 588 457 650 Redemit
472 587 520 648 illa
536 587 638 649 classis
654 588 782 648 inmotae
797 604 897 649 moras

152 680 181 734 et
196 675 288 734 maria
304 674 389 752 pigro
405 674 461 733 lixa
478 672 622 751 languore
639 671 753 751 inpulit.

196 854 294 902 curu.
318 841 404 919 Piget
420 838 566 919 doletque.
597 839 742 919 Tyndaris
757 838 830 901 caeli
846 856 940 918 genus

152 923 272 986 lustrale
289 925 376 986 classi
391 925 511 984 doricae
526 925 629 1004 peperi
645 930 742 1001 caput.

151 1008 280 1070 reuoluil
295 1011 411 1070 animus
427 1008 551 1086 uirginis
568 1007 712 1069 thalamos
729 1025 811 1070 meae

152 1110 225 1172 quos
241 1092 289 1153 ille
305 1094 411 1172 dignos
425 1091 541 1172 pelopia
558 1092 628 1165 iecit
643 1093 748 1161 domo,

153 1195 220 1237 cum
236 1179 317 1238 stetit
332 1178 368 1239 ad
385 1195 452 1238 aras
469 1194 521 1237 ore
537 1177 671 1238 sacrifico
687 1184 781 1254 pater.

194 1259 287 1329 Quam
304 1261 459 1342 nuptiales.
491 1262 608 1321 horruit
623 1259 745 1322 Calchas
761 1278 832 1321 suae

151 1356 294 1424 responsa
310 1346 392 1406 uocis
408 1354 438 1406 et
452 1346 628 1406 recedentes
643 1345 734 1404 locos.

152 1446 169 1488 o
185 1427 299 1490 scelera
315 1446 435 1508 semper
450 1427 614 1489 sceleribus
630 1429 753 1489 uincens
768 1428 883 1492 domus.

152 1529 260 1574 cruore
274 1514 537 1583 uentos-emimus.
554 1511 665 1574 bellum
683 1530 765 1575 nece.

150 1609 255 1657 uvun.
272 1597 323 1659 sed
341 1596 406 1658 uela
422 1599 535 1676 pariter
550 1596 630 1658 millo
646 1597 781 1660 lecerunt
796 1604 885 1661 rates.

194 1693 294 1741 ebur.
318 1681 383 1741 Non
400 1689 445 1743 est
460 1680 554 1743 soluta
570 1699 715 1762 prospero
731 1681 831 1745 classis
847 1683 919 1744 deo:

152 1765 239 1826 eiecit
253 1764 335 1826 Aulis
350 1767 445 1845 inpias
459 1774 548 1844 portu
564 1775 652 1829 rates.

150 1850 192 1910 sic
207 1851 376 1929 auspicatus
391 1849 468 1911 bella
485 1868 544 1911 non
561 1849 667 1913 melius
682 1851 769 1930 gerit.

151 1929 271 2014 [amore
284 1942 396 2011 captae
411 1942 519 2011 captur
533 1940 663 1997 inmotus
672 1934 782 2017 prece]

150 2017 297 2079 zminthea
314 2019 406 2080 tenuit
421 2017 513 2098 spolia
529 2019 657 2097 phoebei
672 2021 751 2080 senis

152 2101 260 2162 ardore
276 2119 379 2164 sacrae
394 2103 519 2180 uirginis
534 2105 593 2163 iam
610 2110 672 2165 tum
689 2104 800 2166 furens.

192 2185 257 2246 Non
275 2184 358 2246 illum
373 2186 501 2247 Achilles
517 2186 598 2249 ilexit
614 2188 775 2250 indomitus
791 2190 893 2259 minio,

149 2286 210 2328 non
225 2268 276 2331 ille
291 2270 373 2333 solus
390 2271 446 2333 iata
462 2273 513 2351 qui
529 2273 632 2334 mundi
648 2273 729 2333 uidet

149 2353 179 2413 in
195 2371 250 2414 nos
266 2354 359 2417 lidelis
374 2373 468 2434 augur
484 2358 515 2416 in
531 2354 736 2436 cephalonia,

149 2455 209 2497 non
224 2439 353 2518 populus
368 2458 458 2519 aeger
474 2448 502 2502 et
517 2440 687 2503 relucentes
701 2443 777 2521 rogi.

149 2522 227 2582 inter
244 2524 359 2585 ruentis
375 2525 517 2587 Graeciae
532 2533 661 2605 stragem
678 2524 810 2587 ultimam

143 2607 213 2674 ¹sine
229 2606 313 2669 hoste
329 2609 426 2670 uictus
442 2617 555 2670 marcet
570 2628 605 2671 ac
620 2611 727 2671 Veneri
744 2619 829 2672 uacat

148 2699 326 2772 reparatque
343 2710 461 2753 amores

142 2796 145 2801 ‘
483 2778 565 2840 Neue
581 2777 716 2840 desertus
733 2779 809 2840 ioret

215 3096 263 3147 las
286 3097 324 3147 ut
348 3094 457 3160 quidem
480 3096 530 3147 ER
557 3093 570 3164 [1
601 3099 646 3148 161
673 3098 856 3164 Clytemestrae
874 3102 937 3152 dant
955 3106 1066 3154 nonnulli

145 3162 211 3214 Part.
242 3159 254 3230 Η
284 3166 333 3215 161
350 3165 435 3229 lango
453 3163 479 3212 E
496 3163 611 3231 langore
631 3166 656 3215 A
685 3161 697 3232 ΙΙ
727 3167 775 3218 163
794 3166 876 3233 Piget
893 3168 1021 3235 doletque
1040 3170 1066 3220 Ε

144 3228 235 3280 Pudet
252 3232 385 3297 pigetque
403 3226 453 3297 Al}
467 3232 516 3280 164
533 3233 630 3299 peperi
648 3234 673 3284 Ε
683 3249 701 3299 p
718 3235 827 3300 peperit
844 3236 868 3285 A
880 3231 893 3303 Η
910 3238 958 3289 167
977 3238 1064 3299 saorla

145 3295 197 3347 lico
217 3296 268 3347 ΕΑ
287 3300 390 3350 seerile
411 3293 492 3364 oapll
506 3300 554 3350 168
572 3300 662 3363 Quam
678 3301 704 3350 E
723 3302 810 3365 Quasi
829 3305 853 3352 A
866 3301 878 3369 ΙΙ
891 3305 938 3353 172
957 3304 1064 3356 NVTR.

146 3363 171 3413 A
185 3379 231 3415 om.
246 3365 306 3429 Εψ
328 3364 341 3433 ΙΙ
364 3314 440 3417 bella
459 3366 483 3414 Ε
506 3366 572 3418 uela
589 3369 613 3418 A
637 3365 649 3435 ll
679 3368 849 3420 1730111.
869 3371 1029 3434 Aomliap
1050 3372 1063 3435 ll
1164 3372 1168 3381 ⁴

146 3429 196 3482 174
214 3432 270 3483 elio
289 3434 314 3483 Ε
336 3433 416 3485 Aulis
435 3434 459 3483 A
482 3430 495 3496 ll
520 3438 568 3488 176
583 3443 645 3501 poet
661 3454 686 3488 u.
707 3438 755 3488 177
774 3437 836 3487 1110
854 3439 938 3487 deieci
951 3445 1065 3503 propter

144 3514 185 3552 uc.
207 3498 423 3568 1781601921]
445 3505 494 3555 177
512 3504 588 3555 senis
605 3504 768 3569 Elimpm.
779 3520 824 3570 pr.
843 3504 922 3556 ducis
941 3505 966 3554 A
982 3500 994 3571 ll
1016 3507 1064 3557 178

143 3565 318 3633 eruoremo
341 3565 353 3635 ll
376 3573 526 3635 tantumn
549 3567 561 3637 ΙΙ
584 3572 678 3622 ferens
696 3581 720 3636 ψ
740 3568 752 3639 ll
776 3574 825 3623 179
842 3571 992 3625 indomitis
1012 3589 1030 3625 α
1050 3575 1063 3638 ΙΙ
