2484 4044
399 258 581 306 neocvnss
599 244 790 326 [oculeus]
986 243 1051 307 407

130 400 260 480 sisyphia
278 399 377 460 ceruix
395 407 490 460 cesset
506 405 535 458 et
550 405 667 457 nostros
683 395 756 474 lapis

132 484 254 563 inpellat
269 501 399 544 umeros.
430 501 478 543 me
492 501 585 558 uagus
602 483 694 560 fugiat
708 481 785 542 latex

131 587 288 647 meamque
306 567 391 628 lallax
409 569 486 628 unda
502 566 622 627 deludat
637 568 725 627 sitim.

132 656 229 714 merui
245 672 348 714 manus
364 653 509 732 praebere
527 650 694 712 turbinibus
710 652 767 710 tuis

131 757 339 817 quaecumque
354 756 455 815 regem
472 736 632 797 thessalum
650 746 772 813 torques
787 743 862 797 rota.

130 823 251 883 effodiat
267 823 372 882 auidus
388 823 457 881 hinc
473 830 502 882 et
518 821 586 891 hinc
603 820 703 881 uultur
717 819 817 880 fibras

132 915 219 968 uacet
233 926 291 967 una
309 907 431 968 Danais:
456 906 509 966 uas
525 924 580 983 ego
596 904 722 983 explebo
739 906 832 965 uices:

131 992 228 1053 laxate
245 1010 355 1052 manes.
387 993 488 1070 recipe
504 1009 551 1051 me
568 994 704 1050 comitem
721 990 774 1049 tibi

131 1077 271 1154 phasiaca
288 1077 426 1136 coniunx.
458 1077 541 1154 peior
556 1076 630 1136 haec
647 1077 731 1154 peior
747 1082 798 1133 tuo

131 1170 262 1241 utroque
277 1160 380 1221 dextra
396 1169 441 1221 est
456 1159 584 1229 scelere,
601 1179 654 1220 seu
672 1170 766 1219 mater
782 1176 907 1230 nocens,

130 1264 186 1306 seu
203 1246 265 1305 dica
281 1263 367 1304 soror
383 1264 424 1305 es.
455 1246 530 1305 adde
546 1263 595 1305 me
610 1246 748 1303 comitem
765 1245 823 1302 tuis

132 1330 256 1409 threicia
273 1332 402 1389 coniunx
417 1328 588 1390 sceleribus
620 1336 717 1387 natam
733 1335 814 1387 tuam

133 1412 255 1474 Althaea
272 1423 366 1473 mater
382 1416 492 1491 recipe.
525 1431 605 1472 nunc
620 1430 722 1472 ueram
739 1414 780 1472 tui

132 1515 263 1573 agnosce
279 1497 402 1575 prolem.
435 1497 503 1576 quid
520 1505 618 1557 tamen
636 1505 747 1557 tantum
764 1514 869 1556 manus

133 1591 252 1642 uestrae
269 1582 473 1642 abstulerunt?
495 1582 621 1642 claudite
638 1579 768 1660 Elysium
785 1581 856 1640 mihi
876 1582 879 1587 ’

132 1685 341 1745 quaecumque
356 1667 431 1728 lidae
448 1669 588 1744 coniuges
604 1667 734 1725 nemoris
749 1667 826 1726 sacci

133 1750 217 1813 lucos
233 1755 349 1812 tenetis,
381 1753 405 1811 si
423 1770 480 1830 que
496 1753 638 1829 respersit
653 1768 758 1810 manus

132 1838 191 1897 uici
207 1854 314 1897 cruore
330 1854 386 1897 nec
402 1854 517 1896 memor
533 1843 630 1895 castae
646 1835 718 1894 iacis

133 1923 238 1981 stricto
255 1931 376 1997 cruenta
393 1920 470 1982 Belis
485 1925 516 1982 io
534 1921 613 1979 icccc
630 1922 723 1980 stetit:

63 2004 65 2011 ’
136 2007 166 2065 in
182 2024 229 2066 me
245 2025 313 2067 suas
328 2014 469 2083 agnoscat
484 2014 513 2065 et
529 2004 627 2064 laudet
643 2020 756 2063 nianus.

134 2092 165 2149 in
182 2091 238 2150 hac
253 2091 336 2150 adice
351 2092 508 2168 coniugem
524 2089 609 2148 turba
627 2088 712 2157 libet,

133 2173 187 2234 sed
205 2182 234 2233 et
248 2174 296 2234 illa
312 2175 405 2250 lugiet
420 2174 505 2233 tueha
523 2182 581 2232 tam
599 2172 678 2232 diras
693 2189 807 2232 manus.

134 2260 246 2319 inuicte
262 2259 390 2318 coniunx
405 2259 549 2317 innocens
564 2258 681 2316 animus
697 2257 769 2315 milii

134 2342 260 2404 scelesta
276 2361 382 2402 manus
398 2349 451 2402 est.
482 2359 537 2419 pro
552 2342 639 2400 nimis
655 2357 739 2400 ruens
755 2339 875 2401 credula

137 2446 193 2506 pro
210 2427 301 2487 Nesse
317 2425 404 2486 fallax
423 2433 510 2505 atque
527 2426 660 2485 senuileei
676 2423 746 2484 doli.

134 2512 255 2571 auferre
271 2513 394 2589 cupiens
409 2511 515 2588 paelici
531 2511 626 2587 eripui
643 2509 736 2569 mihis

136 2594 245 2657 recede
261 2596 346 2656 Titan
362 2602 453 2673 tuque
469 2613 545 2674 quae
560 2594 666 2654 blande
682 2601 770 2654 tenes

205 2799 255 2849 946
274 2798 388 2848 deludat
407 2797 513 2847 EllER
532 2797 656 2861 decipiat
673 2797 698 2846 A
710 2793 721 2859 d
740 2799 790 2847 952
808 2798 898 2848 Vocet
916 2813 937 2846 ω
954 2798 1056 2848 Vacat

136 2868 326 2931 Rophelenpius
337 2873 363 2915 ec
374 2867 449 2914 DHs.
462 2869 527 2916 conl.
540 2867 621 2914 Herc.
635 2864 652 2912 Ι
663 2867 714 2914 504
726 2861 737 2929 ΙΙ
750 2868 799 2915 953
817 2864 930 2915 sibidio
948 2865 990 2913 tui
1003 2865 1027 2913 A
1043 2865 1056 2928 Η

133 2938 188 2987 954
205 2935 259 2984 hac
277 2934 302 2983 Ε
321 2935 390 2983 haec
410 2935 433 2982 A
447 2930 459 2999 ΙΙ
471 2937 518 2982 tuo
532 2933 556 2981 E
574 2928 685 2997 tueAll
697 2935 747 2982 955
765 2931 957 2998 VtroqueER
975 2933 1058 2981 Vtro-

134 3019 191 3067 que
210 3004 234 3052 A
248 2999 260 3067 ΙΙ
276 3002 393 3051 dextere
412 3002 436 3050 Ε
450 2998 462 3066 ΙΙ
479 2998 543 3050 9551
561 3003 621 3050 956ἃ
640 3000 756 3059 (scelere
769 3015 892 3051 -soror
906 2998 948 3062 es)
966 3000 1059 3048 destant

136 3071 331 3135 1110091ιί11.
351 3070 488 3119 (100971
513 3064 525 3135 d
547 3070 597 3118 956
616 3083 692 3117 soror
712 3084 741 3118 es
760 3068 784 3116 E
810 3083 831 3118 s.
853 3071 895 3117 est
913 3066 937 3115 A
966 3062 979 3131 ΙΙ
1008 3067 1058 3118 968

137 3139 266 3188 Altheem
289 3138 314 3187 E
343 3133 354 3202 {l
383 3138 425 3185 tui
450 3136 510 3185 ER
539 3141 614 3184 tuam
634 3137 658 3184 A
688 3132 700 3200 ll
729 3137 779 3185 960
802 3134 976 3185 adstulerunt
998 3134 1023 3183 Ε
1044 3135 1056 3197 ΙΙ

134 3207 189 3256 969
202 3206 274 3254 fucis
287 3218 299 3255 ε
311 3206 335 3254 A
355 3204 421 3254 fides
434 3211 457 3267 ψ
469 3199 482 3270 Η
497 3205 547 3253 964
567 3207 696 3253 cruentas
709 3204 731 3252 R
742 3199 754 3268 d
768 3203 842 3252 belia
862 3218 921 3252 cum
940 3202 1014 3251 ferro
1033 3202 1058 3251 Ε

138 3274 191 3322 uid.
211 3273 292 3324 Herc.
311 3272 329 3321 I
346 3275 395 3322 265
415 3272 509 3321 Belius
533 3273 606 3321 ferro
630 3271 655 3320 A
685 3271 766 3319 Belis
785 3270 818 3318 in
841 3272 913 3320 ferro
940 3269 1019 3319 Gron.
1043 3268 1056 3332 ΙΙ

134 3341 190 3389 965
209 3345 345 3404 agnoscat
362 3341 387 3389 Ε
407 3345 558 3403 cognoscat
576 3342 599 3388 A
612 3335 624 3403 d
640 3339 690 3388 966
708 3337 794 3387 lnhuc
816 3337 838 3385 Ε
856 3338 888 3387 Iu
906 3337 979 3386 hanc
999 3337 1023 3385 A
1044 3337 1057 3401 Η

140 3407 218 3456 adire
237 3408 260 3456 R
278 3409 422 3472 coniugem
441 3407 466 3456 E
489 3409 633 3472 coniugum
653 3407 677 3455 A
696 3402 707 3471 d
725 3405 805 3454 turba
823 3405 848 3453 Ε
871 3405 979 3454 turbam
999 3405 1023 3454 A
1044 3405 1057 3468 Η

135 3475 189 3524 961
209 3473 262 3524 Sed
281 3479 309 3524 et
328 3476 351 3524 A
371 3477 407 3523 Et
426 3474 484 3536 (om.
503 3475 568 3539 Sed)
590 3469 640 3538 ΕΗ
660 3476 710 3523 969
729 3488 773 3523 res
791 3472 817 3522 Ε
839 3487 915 3523 mens
934 3474 957 3521 A
975 3467 989 3539 ss
1008 3475 1060 3524 970

137 3547 224 3607 atque
243 3542 268 3591 Ε
290 3558 399 3607 nonque
419 3543 444 3592 A
457 3540 536 3609 ildoli
555 3541 580 3590 Ε
598 3542 669 3591 dolis
687 3542 711 3589 A
736 3538 786 3607 d*
