2544 4046
231 242 298 310 112
524 280 556 327 n.
573 282 707 330 aunam
724 266 881 332 sennenn

233 401 287 461 sed
305 415 450 492 numquid
467 426 496 479 et
510 423 662 500 peccauit?
679 423 847 484 abstrusum
864 425 998 486 abditum

234 482 424 577 dubiumque
440 521 477 563 an
494 524 599 578 essem,
617 507 738 569 sceleris
754 510 864 569 infandi
881 528 966 571 reum

208 641 223 662 n
236 568 312 636 deus
329 584 399 660 egit.

183 650 202 701 ‘¹
447 672 946 757 lilotestedamnauitparens

237 743 398 844 calidoque
414 763 534 824 teneros
550 764 677 824 transuit
693 761 774 822 terro
791 762 883 841 pedes

236 833 267 887 et
277 850 313 929 'm
330 836 388 900 elta
404 859 528 908 nemora
544 847 686 927 pabulum
702 847 780 906 misit
795 847 867 907 teris
948 856 951 863 '

236 915 406 1005 suibusque
422 932 527 1001 saeuis,
544 950 618 1010 quas
634 931 793 994 Cithaeron
809 934 915 993 noxius

237 1014 349 1068 eruore
365 1029 455 1092 saepe
471 1019 554 1093 regio
570 1019 676 1078 tinetas
692 1015 752 1077 alit.

185 1078 204 1129 d
281 1087 340 1152 Sed
358 1112 447 1174 quem
464 1100 537 1162 deus
552 1102 744 1162 damnauit
759 1100 866 1160 abiecit
880 1110 998 1180 pater,

238 1185 340 1238 mors
359 1198 476 1262 quoque
491 1186 610 1265 refugit.
638 1185 769 1265 praestiti
784 1184 904 1264 Delphis
919 1186 1025 1248 fidem:

238 1261 409 1330 genitorem
426 1269 548 1333 adortus
563 1272 641 1350 inpia
657 1271 751 1332 straui
766 1286 850 1330 nece.

202 1392 207 1400 .
238 1338 297 1405 hoe
313 1347 410 1428 aliqua
427 1357 521 1434 pietas
536 1356 679 1417 redimet?
694 1389 736 1399 -
751 1353 845 1413 occidi
861 1360 987 1433 patrem,

238 1427 292 1488 sed
308 1445 434 1500 matrem
450 1443 556 1501 amani.
583 1439 722 1519 proloqui
736 1438 933 1517 hymenaeum
949 1439 1041 1518 pudet

238 1515 402 1599 taedasque
418 1533 543 1585 nostras.

212 1611 227 1644 ⁰
573 1609 633 1669 Has
648 1625 764 1689 quoque
785 1608 911 1669 inuitum
926 1610 988 1688 pati

241 1687 270 1778 te
286 1701 361 1766 coge
376 1710 498 1771 poenas.
527 1693 674 1767 tutinus
689 1694 822 1770 ignotum
838 1693 961 1754 efferum

242 1771 413 1836 inusitatum
430 1776 493 1839 iare
509 1777 588 1857 quod
604 1775 706 1857 populi
721 1775 871 1848 horreant,

242 1854 321 1930 quod
339 1877 403 1921 esse
419 1863 527 1923 tactum
538 1861 624 1923 ‘nutta
640 1879 698 1921 non
714 1868 794 1921 aetas
810 1869 907 1939 neget,

243 1939 323 2014 quod
339 1947 512 2021 patricidam
529 1947 646 2027 pudeat.
674 1948 703 2006 in
719 1947 832 2024 patrios
848 1954 930 2006 toros

242 2022 296 2084 tuli
312 2036 436 2106 paterno
452 2033 594 2110 sangnine
609 2031 766 2108 adspersas
781 2048 886 2091 manns

223 2110 471 2200 'scelerisque
486 2118 612 2194 pretium
630 2118 724 2177 maius
739 2116 840 2193 accepi
856 2114 991 2177 scetus.

206 2203 222 2239 ⁰
284 2194 364 2261 Lene
380 2211 424 2262 est
438 2209 597 2281 paternum
613 2202 772 2262 tatinus.
805 2199 1096 2262 tuthelamosmeos
1178 2215 1221 2263 270

241 2281 367 2345 deducta
383 2294 486 2355 meter,
503 2304 542 2348 ne
556 2304 661 2365 parum
678 2283 840 2346 sceleris
856 2284 941 2353 toret,

241 2368 377 2432 fecunda.
402 2371 515 2433 nntium
532 2373 646 2432 crimen
662 2370 718 2431 hoe
733 2370 827 2429 maius
844 2378 941 2447 potest

242 2461 346 2516 natura
362 2457 451 2517 terre.
478 2455 597 2535 siquod
614 2456 774 2515 etiamnum
791 2460 965 2514 esttamen:

241 2540 292 2618 qui
308 2539 405 2602 tacere
421 2542 536 2620 possint
551 2540 695 2601 dedimus
726 2537 819 2598 abieci
835 2541 916 2599 necis

240 2625 366 2701 pretium
383 2633 524 2703 paternae
540 2634 689 2702 sceptrum
706 2630 736 2683 et
750 2623 807 2683 hoo
823 2623 929 2683 iterum
946 2640 1052 2685 manns

241 2708 367 2768 armauit
382 2707 454 2770 aliis.
483 2711 593 2789 optIme
605 2709 691 2787 regni
708 2708 766 2768 mei

244 2793 337 2853 fatum
352 2793 415 2873 ipse
432 2796 517 2854 noui:

210 2869 229 2920 b
529 2876 622 2939 Nemo
638 2880 703 2939 sine
719 2895 805 2939 sacro
821 2877 898 2938 ieret

307 3097 358 3146 252
375 3111 438 3147 reus
456 3097 492 3146 Et
515 3112 592 3148 reum
610 3094 715 3216 E⁸App
742 3099 793 3148 ast
809 3097 952 3147 transtulit
969 3097 1037 3148 AM>
1056 3095 1158 3160 (truns-

239 3163 313 3213 tudit
331 3179 349 3213 α
367 3167 393 3213 tn
404 3166 456 3216 ind.
469 3166 534 3229 err.)
553 3166 672 3217 transuit
743 3161 755 3232 ΙΙ
784 3165 834 3216 256
853 3165 1008 3229 suibusque
1027 3163 1159 3226 auidisu

240 3231 339 3281 auibus
359 3235 387 3281 et
405 3233 494 3283 auidis
513 3250 532 3284 α
559 3234 711 3297 suibusque
730 3232 824 3283 saeuis
843 3232 868 3282 E
896 3228 908 3299 tt
937 3234 986 3283 not
1009 3236 1117 3284 tructus

240 3302 410 3350 attrectasse
427 3302 532 3353 tinctus
544 3301 569 3350 E
581 3308 600 3352 t.
608 3301 653 3355 Gr.
663 3301 703 3350 ΛΕ
708 3302 730 3351 R
748 3301 908 3351 instinctas
928 3301 996 3366 agit
1014 3303 1046 3351 oi.
1055 3301 1132 3351 nna.

239 3367 288 3418 not
308 3367 365 3418 sliu
382 3384 404 3418 ω
422 3368 460 3419 uli
484 3384 526 3420 na
544 3375 576 3423 ot.
589 3369 639 3422 Bo.
663 3366 675 3436 Η
698 3371 747 3420 nrt
766 3368 903 3419 scelernm
920 3369 945 3419 A
964 3369 1081 3419 sceleris
1100 3368 1126 3419 Ε

239 3438 289 3488 nte
308 3437 332 3487 si
350 3451 395 3487 om.
409 3436 442 3485 E.
461 3385 488 3555 Ἠ
512 3438 563 3487 274
579 3442 694 3503 possunt
712 3453 731 3487 α
749 3428 863 3503 possent
880 3436 925 3500 (at.
945 3436 1067 3503 possint)
1085 3444 1125 3502 ψε

239 3504 289 3554 2⁷5
307 3508 450 3569 paternum
500 3509 633 3571 putemne
647 3506 671 3556 A
683 3502 757 3573 11276
771 3504 834 3556 aliis
847 3504 873 3554 Ε
885 3512 902 3555 t.
916 3504 940 3554 Ι.
953 3505 997 3555 Gr.
1013 3503 1085 3556 alius
1099 3505 1124 3555 A

239 3570 290 3621 2⁷7
309 3571 407 3623 efferet
424 3572 450 3622 E
472 3573 545 3625 feret
563 3574 588 3622 A
612 3570 626 3641 fl
