2544 4046
508 248 687 297 rurusrns
1013 234 1053 300 79

133 405 218 453 ΤΗΤ.
242 407 342 450 meum
359 407 424 449 esse
440 387 546 456 credo,
563 388 702 468 quicquid
718 395 776 458 est,
793 388 899 459 frater,
916 397 1009 451 tuum.
1071 408 1121 459 535

93 495 115 544 <1
185 488 263 535 ΛΤΒ.
287 471 565 555 Quisinsluentis
581 473 657 532 dona
674 473 811 534 furtunae
826 474 945 534 abnuit?

134 575 218 622 ΤΗΥ.
243 566 384 636 expertus
399 565 444 618 est
460 557 646 636 quicumque,
664 576 751 635 quam
767 559 852 619 facile
868 557 1029 620 effluant.

135 659 215 706 ΛΤΒ.
240 643 362 703 fratrem
379 643 468 721 potiri
484 640 607 718 gloria
622 643 735 719 ingenti
751 644 850 704 netas?

107 723 110 727 ’
134 744 216 790 ΤΗΤ.
241 735 291 789 tua
306 730 365 788 iam
380 734 500 804 peracta
517 725 639 804 glorta
661 735 719 796 est,
739 734 829 788 restat
844 745 924 789 mea:

135 832 280 892 respuere
296 820 410 873 certum
428 817 471 872 est
486 828 577 888 regna
594 811 750 871 consilium
765 811 847 873 mihi.
1071 829 1121 880 540

90 908 120 966 (ι’
179 912 259 959 ΛΤΒ.
282 897 376 957 Meam
392 893 574 974 relinquam,
591 897 646 954 nisi
661 902 741 956 tuam
758 903 872 974 partem
889 898 1039 977 accipis.

136 997 219 1043 rnr.
243 983 400 1060 accipin.
425 982 634 1058 regninomen
650 981 927 1060 inpositiseram

136 1066 190 1129 sed
205 1069 271 1128 iura
286 1074 316 1127 et
330 1084 413 1126 arma
428 1066 559 1126 seruient
574 1084 691 1126 mecum
708 1066 770 1126 tibi.

137 1166 217 1212 ΛΤΒ.
241 1153 405 1230 inposita
422 1150 509 1228 capiti
526 1147 622 1210 uincla
638 1147 817 1211 uenerande
826 1169 906 1230 gere.

137 1255 192 1316 ego
209 1236 368 1297 destinatas
385 1236 520 1295 uictimas
535 1236 651 1314 superis
665 1234 753 1323 uabo.
1072 1250 1121 1301 545

519 1393 656 1480 CHORVS

101 1591 119 1623 a
295 1554 403 1616 Credat
418 1555 474 1614 hoe
491 1555 664 1633 quisquam?
681 1553 762 1615 ierus
778 1553 825 1615 iiie
842 1562 870 1615 et
885 1574 954 1616 acer

224 1659 281 1701 nec
296 1648 401 1720 putens
418 1641 525 1699 mentis
541 1640 723 1700 truculentus
739 1642 844 1701 Atreus
910 1662 914 1669 ⁴

225 1724 325 1785 fratris
340 1732 461 1803 aspectu
477 1724 659 1803 stupefactus
675 1725 777 1785 haesit.

266 1892 351 1954 Nulla
367 1894 411 1953 uis
427 1894 520 1952 maier
536 1896 645 1972 pietate
660 1912 730 1954 uera
747 1902 806 1954 est:

225 1980 318 2056 iurgia
336 1979 464 2038 externis
479 1979 598 2039 inimica
615 1979 729 2048 durant,

225 2081 300 2139 quos
316 2081 399 2122 amor
419 2079 508 2123 uerus
524 2064 627 2133 tenuit,
644 2062 763 2123 tenebit.

267 2232 313 2292 Ira
330 2250 396 2293 cum
414 2232 528 2307 maguis
543 2233 647 2310 agitata
665 2233 760 2292 causis
810 2240 814 2247 ’

226 2318 348 2394 gratiam
365 2318 446 2394 rupit
462 2317 626 2396 cecinitque
644 2316 764 2384 beilum,

227 2418 293 2460 cum
310 2400 391 2461 leues
407 2401 498 2462 irenis
513 2419 640 2461 sonuere
656 2408 778 2469 turmae,

224 2484 304 2545 fulsit
318 2486 388 2545 hinc
403 2483 484 2545 illinc
500 2487 625 2563 agitatus
641 2485 728 2553 ensis,

267 2655 360 2726 Quem
377 2662 477 2715 mouet
493 2654 601 2716 crebro
617 2653 794 2715 furibundus
809 2655 869 2716 ictu

225 2741 399 2817 sanguinem
414 2740 533 2799 Mauors
549 2740 672 2816 cupiens
687 2747 852 2800 recentem:

226 2825 366 2902 opprimit
381 2825 494 2884 serrum
510 2823 705 2902 manibusque
721 2826 826 2885 iunctis

177 2962 184 2974 ,
226 2907 307 2969 ducit
321 2907 356 2968 ad
373 2926 475 2987 pacem
493 2910 586 2986 pietas
601 2916 753 2987 negantes.

268 3077 366 3138 Otium
383 3085 464 3138 tanto
480 3077 608 3138 subitum
626 3096 641 3138 e
657 3077 783 3139 tumultu

225 3165 290 3241 quis
306 3163 481 3224 deus-iecit?
498 3162 585 3223 medo
598 3181 654 3240 per
670 3165 806 3243 Mycenas

226 3266 306 3308 arma
324 3247 417 3308 ciuilis
433 3265 578 3325 crepuere
594 3246 672 3308 belli.

188 3452 238 3502 541
257 3451 373 3500 nituam
386 3451 411 3500 Ε
434 3446 446 3518 ΙΙ
469 3452 520 3500 544
537 3450 638 3515 regiE
656 3467 721 3516 gere
735 3453 759 3499 A
777 3446 789 3516 Η
813 3446 956 3500 CHORVS
969 3446 1020 3497 ΕΑ
1032 3443 1044 3513 Η

135 3521 187 3571 558
206 3518 386 3584 opprimetE
414 3518 580 3584 opprimitA
609 3515 621 3586 Η
887 3563 893 3573 ,
1092 3522 1102 3529 '
