2468 4038
232 253 296 320 496
613 266 756 313 mcERri

232 420 336 468 NERO.
354 423 459 483 parere
475 406 601 467 demnas.

233 504 355 552 PRAER.
648 508 702 552 eur
718 508 814 551 meam
831 490 953 551 damnas
970 490 1081 550 tidem?

232 588 338 637 NERO.
355 577 425 655 quid
441 577 538 654 parcis
553 574 648 637 hostii

233 673 355 721 RRAEN.
681 660 788 720 semina
806 659 863 720 hee
879 678 987 720 nomen
1005 661 1106 739 capiti
1161 671 1189 718 ttt

232 759 338 806 NERO
356 747 380 806 si
397 743 509 806 scelera
526 746 614 821 cepit.

233 843 357 890 PRAEN.
648 835 731 890 estne
746 831 796 908 qui
810 836 926 889 sentem
942 828 1071 905 arguat?

234 927 339 975 NERO.
356 913 458 995 populi
474 914 568 974 surOr.

233 1012 357 1059 PRAEE.
605 999 670 1076 quis
684 1016 789 1076 regere
804 997 955 1058 dementes
972 997 1076 1060 ualet?

233 1094 336 1145 NERO.
354 1085 418 1160 quis
434 1084 583 1143 concitare
598 1084 711 1160 potuit?
912 1095 920 1101 ·

233 1180 357 1227 PRAEE.
439 1192 443 1195 ’
744 1166 1021 1245 haudquemquam
1039 1185 1121 1229 reor.

235 1265 340 1313 NERO.
360 1251 464 1312 mulier
481 1252 562 1313 dedit
577 1259 681 1312 natura
698 1252 743 1312 oui
761 1270 891 1330 pronum
905 1250 982 1311 malo

198 1366 202 1373 ¹
234 1340 364 1398 animum
381 1338 417 1397 ad
434 1336 602 1397 nocendum
618 1344 722 1415 pectus
736 1337 874 1398 instruxit
889 1334 978 1405 dolis,
1164 1346 1189 1395 N

234 1432 365 1482 PRAEF.
383 1423 436 1483 sed
451 1424 512 1483 uim
529 1423 657 1499 negauit.

234 1517 338 1570 NERO.
668 1513 700 1565 ut
714 1523 752 1566 ne
767 1503 1006 1583 inexpugnabilis
1088 1522 1094 1527 ·

235 1600 311 1652 esset
326 1592 376 1652 sed
393 1608 497 1668 aegras
512 1591 665 1668 frangeret
680 1591 759 1650 uires
775 1591 864 1655 timer

233 1675 282 1737 uei
297 1694 408 1754 poena,
427 1693 502 1753 quae
516 1683 575 1735 tam
592 1692 657 1735 sera
675 1675 840 1736 damnatam
857 1674 966 1751 premit

234 1761 283 1820 diu
301 1767 467 1821 nocentem.
500 1759 569 1820 tolle
585 1757 739 1819 consilium
756 1777 790 1818 ae
806 1776 910 1837 preces

235 1852 265 1904 et
279 1847 422 1924 imperata
438 1862 562 1923 perage:
587 1844 739 1904 deuectam
756 1850 819 1903 rate

235 1928 339 2008 procui
353 1931 382 1990 in
399 1936 546 1991 remotum
562 1928 631 1988 litus
645 1929 776 1989 interimi
791 1926 875 1987 iube:

236 2015 354 2076 tandem
370 2023 403 2075 ut
417 2015 528 2075 residat
543 2013 671 2091 pectoris
687 2014 779 2073 nostri
795 2015 891 2072 timor.

520 2294 667 2344 cnonvs.
692 2294 854 2344 oerrvm.
938 2260 942 2267 ’

202 2480 218 2513 a
363 2452 539 2514 Oiunestus
554 2451 654 2513 multis
667 2451 799 2532 populi

319 2538 460 2616 dirusque
477 2538 600 2607 fauor,

319 2624 370 2700 qui
385 2640 452 2682 eum
468 2622 540 2684 fletu
556 2621 620 2682 uela
635 2622 766 2684 secunde

234 2817 435 2824 ———-—-

301 2944 351 2994 879
368 2959 432 2994 mea
444 2943 504 2993 812
528 2939 539 3010 (i
562 2945 613 2995 889
628 2942 744 3011 quodsi
770 2942 840 3008 quod
858 2958 927 2993 corr.
948 2958 984 2992 ex
1002 2946 1081 3007 quid
1106 2949 1171 2998 812

234 3011 301 3075 quid
318 3013 382 3062 813
402 3027 451 3062 eur
468 3006 516 3077 ΒΗ
528 3012 577 3061 881
597 3009 627 3060 Si
644 3027 712 3064 corr.
732 3027 768 3062 ex
787 3011 815 3073 St
835 3008 864 3074 (i.
877 3027 898 3060 e.
913 3010 974 3071 sed)
996 3013 1028 3060 V
1043 3015 1173 3078 demite

233 3094 253 3147 q
271 3075 428 3145 81311882
447 3077 552 3131 derbiae
568 3080 632 3130 813
648 3074 660 3144 Η
676 3080 726 3130 889
745 3080 807 3142 quis
825 3079 850 3129 Α
862 3079 926 3128 813
950 3078 998 3141 qui
1018 3081 1108 3147 Moy.
1129 3101 1172 3133 un.

234 3163 269 3197 em
278 3147 344 3196 Part.
361 3143 373 3212 Η
396 3148 446 3197 884
464 3147 540 3198 dedit
556 3163 655 3212 rprser.
674 3146 691 3196 l'
705 3146 795 3196 reddit
814 3146 834 3196 O
851 3146 899 3195 det
916 3146 939 3195 R
946 3148 981 3195 13
1004 3143 1017 3212 ΙΙ
1042 3149 1107 3202 885
1129 3154 1173 3200 ni·

233 3213 346 3264 ten'dum
366 3214 386 3263 O
406 3215 518 3266 intinxit
534 3214 560 3264 B
587 3212 591 3281 i
626 3216 676 3266 888
698 3215 777 3264 uerba
794 3213 842 3263 sed
860 3213 916 3262 uim
935 3216 1052 3278 negauit
1083 3235 1174 3282 prae·

231 3285 302 3347 fecto
320 3282 382 3333 dedi
397 3289 502 3335 auctore
520 3284 576 3336 ΗΡ.
600 3281 669 3350 1887
688 3297 784 3347 regras
803 3282 866 3331 813
885 3277 956 3347 1888
974 3286 1032 3331 iam
1051 3301 1083 3335 ω
1108 3287 1175 3336 iam

233 3351 284 3404 Bo.
299 3347 311 3417 Η
323 3351 443 3416 dipneia
461 3353 525 3402 813
537 3349 548 3417 Η
564 3353 615 3402 890
633 3355 693 3401 rate
711 3349 807 3415 procul
828 3350 853 3398 V
872 3346 875 3415 Ι
906 3350 955 3399 891
974 3349 1043 3399 urbe
1066 3353 1149 3404 1213

233 3420 283 3467 899
301 3420 408 3468 residet
425 3420 485 3468 R12
503 3420 530 3467 in
548 3434 600 3467 ras.
671 3424 759 3468 tumor
788 3418 813 3467 Α
846 3417 928 3466 timor
957 3416 1019 3466 OB
1036 3419 1064 3469 R
1080 3424 1176 3471 1213

234 3481 276 3541 (B
298 3487 323 3532 in
341 3501 421 3546 maro.
440 3485 485 3533 uel
503 3482 606 3545 tumor)
674 3483 819 3533 OHORVS
835 3508 841 3520 ·
857 3483 1019 3535 OONAVIA
1044 3488 1076 3536 Α
1103 3490 1177 3539 813

234 3547 333 3597 chorus
352 3551 412 3598 R12
436 3546 447 3612 Η
470 3548 561 3597 8930
581 3551 698 3599 Funesti
719 3545 764 3614 ΟΙΙ
781 3550 880 3599 multus
899 3550 923 3600 B
943 3546 956 3617 ΙΙ
