2544 4040
508 302 657 351 onmva

127 444 264 507 caerulea
283 442 371 504 luluis
387 444 476 503 mixta
493 443 644 503 oberrauit
659 443 750 511 notis,

127 531 290 608 sanguinea
306 545 429 598 rursus,
445 527 549 589 ultima
564 530 594 586 in
610 525 749 587 tenebras
765 525 835 586 abit.

90 615 124 673 οἷ’
171 614 229 675 Sed
246 632 315 674 ecce
331 614 565 692 pugnax'ignis
580 613 612 671 in
628 618 727 688 partes
742 611 815 671 duas

126 698 254 760 discedit
269 705 344 759 etse
360 697 468 757 scindit
483 697 571 757 unius
586 697 663 756 sacri

125 784 241 845 discors
257 781 365 843 fauilla.
398 783 515 859 genitor
532 780 674 841 horresco
691 781 828 840 intuens:

124 868 215 929 libata
232 866 341 928 Bacchi
357 866 435 926 dona
451 873 601 944 permutat
616 883 706 925 cruor

125 952 278 1030 ambitque
294 950 404 1011 densus
419 951 534 1028 regium
551 950 650 1010 fumus
665 956 755 1028 caput

124 1040 267 1116 ipsosque
283 1037 363 1095 circa
378 1037 500 1112 spissior
516 1033 615 1095 uultus
630 1033 722 1095 sedet.

126 1122 174 1203 [et
188 1123 266 1182 nude
281 1123 375 1180 densa
390 1122 548 1181 sordidum
563 1123 659 1181 lucem
675 1115 818 1198 obdidit]

86 1200 106 1249 d
170 1204 246 1275 Quid
262 1206 314 1274 sit,
331 1222 439 1283 parens
455 1205 554 1264 ellare.
743 1258 745 1264 ,

125 1303 196 1350 rna
598 1287 666 1366 quid
684 1287 740 1347 lari
756 1304 861 1364 queam

124 1377 204 1434 inter
220 1371 365 1433 tumultus
382 1374 487 1433 mentis
503 1374 644 1432 attonitae
660 1373 772 1449 uagus?

125 1458 268 1536 quidnam
285 1456 411 1536 loquar?
434 1466 503 1517 sunt
519 1456 582 1516 dira
599 1456 696 1516 sedin
713 1454 771 1515 alto
788 1454 873 1517 mala.

125 1541 202 1603 solet
217 1544 260 1604 ira
279 1543 368 1602 certis
384 1544 538 1603 numinum
555 1541 671 1601 ostendi
686 1542 773 1601 notis.

125 1627 196 1706 quid
213 1627 291 1687 istud
308 1633 353 1687 est
371 1627 449 1705 quod
467 1644 531 1686 esso
547 1625 694 1702 prolatum
712 1607 816 1686 uffllunt

124 1714 294 1788 iterumque
310 1708 414 1770 nolunt
429 1719 458 1771 11
472 1719 572 1770 truces
587 1711 648 1770 iras
663 1711 784 1788 tegunt?

85 1798 114 1857 d‘
169 1795 266 1856 Pudet
281 1795 352 1855 deos
368 1795 467 1854 nescio
483 1795 563 1874 quid.
596 1794 655 1854 huc
670 1812 798 1872 propere
814 1794 940 1855 admoue

124 1888 154 1942 et
169 1897 277 1958 sparge
292 1879 369 1940 salsa
386 1878 461 1940 colla
476 1887 630 1940 taurorum
646 1879 734 1939 mola,

123 1964 283 2044 placidone
298 1963 383 2024 uultu
398 1982 483 2024 sacra
500 1971 529 2025 et
544 1963 677 2023 admotas
692 1982 797 2025 manus

122 2050 297 2127 patiuntur?

122 2147 209 2193 unu.
320 2131 410 2193 altum
427 2141 529 2193 taurus
545 2131 681 2193 attollens
697 2139 786 2211 caput

121 2220 237 2296 primos
253 2217 289 2278 ad
307 2224 390 2277 ortus
405 2218 519 2294 positus
532 2220 651 2296 expauit
666 2217 744 2278 diem

122 2303 319 2380 trepidusque
335 2301 451 2361 uultum
468 2301 599 2379 obliquat
615 2312 643 2362 et
659 2302 856 2378 radiost'ugit.

84 2416 100 2449 e
167 2400 236 2446 rin.
260 2385 363 2446 Vnone
378 2394 489 2447 terram
506 2385 630 2446 uulnere
646 2384 754 2447 adflicti
770 2385 891 2463 petunt?

122 2485 209 2532 unu.
236 2472 361 2531 iuuenca
377 2469 457 2530 lerro
474 2478 573 2531 semet·
582 2471 709 2548 inposito
726 2470 819 2530 induit
1062 2481 1114 2531 345

122 2566 152 2617 et
168 2553 296 2616 uulnere
312 2572 371 2614 uno
388 2554 508 2624 cecidit,
526 2561 556 2615 at
570 2562 672 2615 taurus
688 2555 762 2615 duos
1145 2562 1150 2566 “

119 2657 285 2720 perpessus
302 2641 377 2699 ictus
392 2639 451 2699 huc
467 2646 496 2700 et
511 2639 570 2699 hnc
586 2639 694 2700 dubius
709 2641 769 2699 ruit

120 2727 313 2802 animamque
330 2724 424 2784 1111111
439 2726 488 2784 uix
505 2723 698 2784 reluctantem
716 2725 861 2801 exprimit.

83 2821 101 2869 d
165 2822 235 2868 rut.
260 2810 363 2868 Vtrum
380 2812 485 2869 citatus
501 2808 626 2869 uulnere
642 2816 766 2886 angusto
782 2811 870 2869 micat

120 2912 158 2954 an
176 2893 273 2953 lentus
290 2891 362 2953 altas
377 2895 486 2969 inrigat
501 2892 602 2971 plagas
619 2895 726 2953 cruor‘l

119 2992 207 3038 mnu.
232 2977 318 3038 huius
334 2995 388 3054 per
404 2980 496 3055 ipsam
514 2996 571 3055 qua
588 2984 669 3054 patet
685 2986 787 3055 pectus
804 2979 881 3038 uiam

119 3063 233 3123 effusus
250 3063 361 3129 amois,
379 3062 466 3122 huius
482 3063 588 3138 exiguo
605 3080 713 3139 graues

188 3318 240 3366 324
258 3315 357 3364 ultima
370 3316 395 3364 Ε
413 3315 540 3365 ultimum
554 3316 577 3363 A
590 3312 602 3381 ΙΙ
614 3318 662 3366 331
682 3317 768 3365 densa
781 3335 802 3368 ω
821 3322 907 3366 tense
926 3318 954 3368 0.
969 3318 1038 3366 Bar·

103 3386 192 3441 ,iltius
212 3398 312 3433 nereum
330 3379 507 3448 111111111333
525 3398 614 3448 uagus
634 3383 659 3431 E
677 3399 764 3449 uagos
783 3386 807 3433 A
826 3382 838 3448 ll
855 3386 903 3435 337
921 3385 977 3433 irus
997 3385 1039 3434 εΗ

116 3468 184 3501 aras
204 3452 229 3500 A
254 3446 265 3514 ΙΙ
289 3451 339 3501 338
357 3467 444 3515 prope
462 3449 592 3501 11611
615 3448 626 3518 ll
649 3453 822 3501 3431111111
841 3451 907 3501 solis
926 3451 1039 3501 etune

114 3521 226 3570 uultum
245 3517 374 3582 obliquat
393 3522 421 3568 et
441 3520 465 3567 A
490 3515 501 3580 ΙΙ
524 3520 573 3568 345
592 3520 720 3583 imposito
738 3520 764 3568 E
774 3521 814 3569 nd
827 3522 935 3581 Voreda
954 3535 1037 3584 oppo-

114 3590 171 3638 sito
192 3588 217 3636 A
239 3587 366 3650 opposita
387 3581 431 3653 llll
444 3588 492 3636 351
511 3585 592 3635 huius
610 3588 663 3649 Eo
682 3590 761 3635 uiuus
780 3587 805 3635 A
829 3583 840 3651 ll

770 3667 833 3730 13*
