2544 4046
228 253 290 317 110
323 319 327 325 ,
507 264 690 313 n.suunn1
707 263 865 313 snnnonn

226 407 345 469 obstare
360 423 416 466 neo
431 422 463 466 so
478 412 596 465 stertere
611 421 646 464 oo
661 411 743 465 retro
759 404 841 465 dono.

228 493 348 553 resiste:
365 491 453 550 tantis
469 490 498 549 in
514 488 598 550 malis
612 490 691 549 uinci
706 492 782 550 mori
799 496 852 551 est.

199 595 216 644 b
272 575 329 646 Qui
344 574 402 634 sata
417 572 601 652 proculcauit
616 591 651 634 ao
666 574 744 634 uitae
759 573 838 634 bona

226 662 352 741 proiecit
367 667 462 736 atquo
470 657 595 719 abscidit
610 665 639 719 ct
654 676 741 719 οοεοε
755 675 825 719 εοοε

226 746 362 805 ononauit
377 745 450 823 ipsc,
466 745 514 804 cui
528 742 585 804 doo
600 742 681 804 nulio
697 751 743 803 est
758 759 850 821 opus,v

227 846 319 909 quaro
335 827 384 889 illo
400 834 526 889 mortem
543 829 651 906 cupiat,
668 835 718 889 out
733 844 825 907 quaro
840 826 940 906 potat?

198 947 213 981 e
268 913 434 991 Vtrumque
449 912 543 972 timidi
558 920 610 973 ost
637 930 725 972 nenio
741 912 919 990 contempsit
933 913 1010 972 mori

226 999 277 1078 qui
293 998 473 1075 concupiuit,
490 998 574 1057 ouius
589 996 668 1059 haud
683 995 760 1057 uitro
777 995 853 1056 maia

226 1086 307 1144 exire
323 1089 447 1160 possunt
461 1082 491 1141 in
506 1080 573 1141 looo
589 1088 654 1142 tuto
669 1089 714 1143 est
728 1081 810 1142 situs.

226 1169 292 1246 quis
307 1168 366 1226 iam
382 1166 524 1236 deorum,
540 1164 617 1227 ueilo
634 1164 693 1237 iao,
717 1167 876 1245 quicquum
891 1170 990 1243 potest

225 1250 310 1313 malis
326 1251 382 1311 tuis
397 1248 532 1311 adicere?
553 1251 613 1311 iano
628 1268 684 1310 noo
699 1259 731 1310 tu
747 1258 831 1329 potos

210 1338 283 1398 'nisi
298 1335 363 1406 hoo,
380 1343 411 1395 ut
427 1353 492 1396 csse
507 1342 537 1395 te
552 1343 638 1414 putes
653 1334 774 1413 dignum
790 1351 874 1394 noce.

225 1438 285 1482 non
301 1438 332 1481 es
348 1438 403 1481 noo
419 1418 477 1480 ulia
493 1427 596 1497 pectus
610 1418 669 1479 hoo
683 1418 769 1497 culpa
785 1419 889 1497 attigit.

187 1518 214 1566 c‘
267 1506 304 1565 Et
319 1504 376 1564 hoo
392 1506 485 1581 magis
501 1511 530 1564 tc
545 1505 661 1581 genitor
676 1506 824 1564 insontem
839 1519 924 1570 uooo,
942 1541 946 1545 ,

75 1590 77 1595 ’
225 1588 304 1669 quod
319 1590 463 1649 innocens
479 1606 511 1649 es
526 1588 571 1648 dis
586 1605 705 1666 quoque
720 1588 831 1648 inuitis.
860 1586 929 1666 quid
945 1595 989 1648 ost
1163 1604 1210 1653 205

226 1673 350 1752 quodie
366 1673 502 1743 offeruit,
521 1672 599 1750 quod
616 1690 710 1733 nouos
725 1671 870 1733 suffixerit

225 1756 360 1820 stimulos
376 1756 490 1818 dolori?
513 1756 583 1835 quid
598 1764 627 1818 te
642 1758 672 1817 iu
687 1758 821 1818 infernas
836 1759 896 1834 ogit

226 1843 330 1904 sedes?
351 1841 420 1921 quid
436 1860 471 1902 ex
487 1841 534 1901 his
549 1840 650 1919 pellit?
673 1851 705 1902 ut
720 1858 822 1902 coreas
838 1839 904 1902 dio?
919 1873 962 1884 —

226 1946 320 1990 coros.
338 1962 376 1972 —
394 1934 425 1987 ut
440 1925 505 1988 altis
520 1924 650 1988 nobilem
666 1927 759 1988 muris
775 1925 894 1986 domuin

224 2013 410 2092 patriamque
425 2010 539 2090 fugias?
553 2046 595 2057 -
610 2012 705 2092 patrio
722 2009 774 2070 tibi
790 2011 860 2071 uiuo
876 2010 963 2090 perit.
981 2043 1021 2053 -
1162 2024 1210 2075 210

195 2106 212 2157 d
268 2097 378 2159 Gnotos
393 2097 492 2174 iugis
508 2095 712 2174 matremque?
725 2129 762 2141 —
780 2094 818 2156 ab
834 2094 975 2174 adspectu
987 2094 1120 2153 omnium

227 2182 345 2242 iontunn
361 2189 390 2242 te
405 2179 556 2241 submouit
571 2189 601 2241 ct
617 2179 755 2259 quioquid
771 2186 869 2259 potest

224 2267 341 2328 auferre
358 2266 494 2344 cuiquam
510 2282 601 2334 mors,
617 2263 672 2326 tibi
687 2265 746 2325 hoo
762 2266 820 2325 uita
836 2262 965 2325 obstulit.

225 2350 310 2431 cogni
325 2349 477 2418 tumultus,
493 2348 580 2410 turbo
596 2349 733 2410 fortunae
749 2350 832 2427 prior

225 2436 367 2497 abscessit
381 2454 397 2496 a
413 2441 442 2495 te
456 2435 545 2496 iussa.
573 2452 661 2512 quoin
678 2435 793 2512 genitor
810 2432 924 2510 iugis?
1160 2446 1208 2497 216

184 2525 211 2583 ‹1'
244 2542 247 2551 ¹
266 2533 383 2581 onmP.
396 2520 442 2580 Me
454 2520 468 2580 i
471 2538 489 2580 u
498 2520 566 2598 gio,
579 2518 593 2578 1
597 2520 680 2595 ugio
693 2519 843 2579 conscium
853 2516 999 2578 sceletum
1009 2516 1142 2576 omnium

222 2611 327 2684 pectus
342 2621 522 2682 manumque
536 2603 613 2664 hano
629 2603 643 2662 i
646 2604 731 2682 ugio
747 2610 778 2664 ct
791 2602 849 2662 hoo
865 2599 979 2663 caelum
996 2609 1027 2663 ct
1041 2600 1116 2662 deos

222 2697 252 2749 et
267 2689 330 2749 diro
346 2688 449 2766 fugio
465 2687 578 2750 scelera
594 2706 670 2767 quoe
685 2688 741 2748 ieci
755 2688 909 2748 innocens.

223 2791 277 2852 ogo
294 2772 351 2832 hoo
365 2771 460 2833 solum
476 2772 618 2850 frugifera
634 2791 693 2851 qno
709 2774 807 2850 surgit
821 2771 919 2842 Ceres,

222 2857 345 2937 premo?
369 2857 421 2917 has
437 2873 492 2934 ego
507 2873 595 2917 auras
610 2874 663 2919 oro
678 2857 819 2936 pestifero
834 2855 939 2918 traho?
1157 2868 1208 2918 220

227 2976 421 2984 ——ffl

291 3026 323 3075 79
340 3025 388 3074 Ιοιο
404 3025 616 3076 νεοοοοοίι·11Ρ.
645 3021 658 3091 ΙΙ
679 3026 789 3085 ¹mulum
807 3030 851 3075 ost
868 3025 893 3074 A
917 3022 987 3075 mori
1004 3026 1048 3074 est
1063 3021 1088 3071 Ε
1117 3019 1130 3088 ΙΙ

224 3094 272 3144 191
292 3091 429 3143 abscessit
441 3108 459 3142 ot
477 3092 598 3142 abscidit
608 3091 659 3156 Εψ
682 3089 694 3159 ΙΙ
718 3094 768 3144 195
785 3094 842 3159 ipsi
859 3107 911 3143 cen
929 3089 1010 3143 uideo
1028 3090 1054 3139 A
1078 3090 1140 3154 ipsc

222 3160 268 3210 cui
287 3159 338 3210 deo
357 3160 382 3209 E
404 3155 416 3225 Ι]
440 3161 488 3211 196
505 3160 566 3225 ipse
584 3160 610 3209 A
629 3160 679 3211 illo
697 3161 723 3210 Ε
742 3156 754 3227 ΙΙ
778 3159 1030 3226 fugiatuhips.
1062 3154 1139 3223 1197

222 3232 266 3278 ost
283 3226 356 3278 uello
375 3233 447 3278 cont.
466 3227 491 3278 A
516 3233 559 3278 ost
576 3242 655 3278 nemo
674 3231 748 3282 cont.
766 3227 792 3278 Ε
810 3227 893 3292 (uelle
911 3243 959 3280 om.
971 3225 997 3276 Ε
1009 3232 1028 3275 t.
1081 3223 1100 3289 .)
1117 3219 1130 3290 ΙΙ

222 3297 271 3348 198
295 3296 342 3360 qui
359 3311 415 3347 non
433 3295 608 3360 concupiscit
624 3303 648 3360 ψ
672 3298 719 3362 qni
738 3296 913 3362 concupiscit
931 3310 950 3346 α
972 3293 1020 3358 qui
1039 3307 1139 3343 concu-

220 3364 291 3430 piuit
309 3364 333 3415 Ε
356 3360 368 3431 ΙΙ
392 3365 441 3415 9Οό
459 3362 558 3413 inuisis
575 3370 599 3425 ψ
617 3364 715 3416 inuitis
733 3378 768 3416 εοι
790 3360 802 3431 Η
825 3365 875 3415 906
892 3376 999 3414 nonnos
1011 3358 1036 3409 Ε
1056 3356 1069 3427 ΙΙ
1089 3360 1140 3411 901

219 3440 248 3484 to
266 3432 433 3494 infernsso
462 3435 490 3483 to
509 3429 545 3481 sd
563 3431 613 3484 ini.
635 3447 653 3482 α
681 3437 710 3484 tc
728 3433 757 3483 in
775 3433 900 3483 infernas
918 3430 944 3481 E
972 3425 984 3495 11
1013 3429 1064 3479 919
1087 3426 1141 3478 hoo

219 3508 243 3565 ψ
261 3500 314 3553 hoc
327 3514 361 3552 εοι
383 3497 395 3567 ΙΙ
419 3502 469 3551 914
486 3499 599 3550 fortuna
611 3499 636 3548 E
654 3501 781 3551 fortunae
794 3501 819 3550 A
840 3497 853 3566 ll
875 3501 925 3550 215
943 3502 1007 3549 onte
1025 3496 1102 3548 iusto
1113 3496 1140 3546 A

221 3574 286 3618 ante
305 3569 416 3621 iussoR
439 3584 456 3618 o
474 3572 503 3619 to
521 3567 597 3618 iusso
615 3567 640 3617 E
663 3565 674 3634 ΙΙ
697 3570 747 3619 918
765 3582 869 3620 nocens
882 3567 906 3616 A
924 3567 1058 3616 innocens
1076 3564 1102 3615 E
1117 3560 1130 3629 ΙΙ
