2576 4044
217 230 282 296 384
604 242 748 290 lncnnrl

219 384 295 447 leuis
311 393 356 445 est
372 402 427 444 nec
441 381 523 444 illum
539 381 651 460 gloriae
665 380 796 442 stimulat
811 381 911 442 decor.

221 477 302 530 errat
316 487 371 548 per
386 467 506 537 orbem,
522 484 582 527 non
598 476 631 527 ut
645 476 790 545 aequetur
804 466 868 526 loul

221 571 276 614 nec
291 560 325 614 ut
339 572 394 632 per
408 552 499 614 urbes
515 558 639 630 magnus
654 550 799 629 argolicas
814 558 876 617 eat,

175 675 183 689 ·
221 638 299 716 quod
316 646 395 699 amet
408 637 548 716 requirit,
564 637 714 713 uirginum
729 634 874 695 thalamos
888 637 971 714 petit.

221 724 245 782 si
262 741 319 801 qua
335 730 379 782 est
394 729 499 799 negata
515 722 644 799 rapitur,
661 723 692 779 in
707 719 832 798 populos
848 718 935 789 furit,

220 814 326 885 nuptas
341 807 436 867 ruinis
451 807 568 884 quaerit
583 814 612 865 et
627 806 730 864 uitium
746 806 884 882 inpotens

221 893 317 952 uirtus
334 898 467 952 uocatur.
498 889 605 950 cecidit
619 886 757 949 Oechalia
773 888 875 949 inclita

219 993 356 1056 unumque
369 975 455 1036 'litan
471 975 544 1034 uidit
558 981 647 1052 atque
662 989 739 1034 unus
753 973 816 1033 dies

220 1068 347 1120 stantem
364 1067 394 1119 et
409 1058 574 1120 cadentem.
605 1076 694 1118 causa
710 1056 839 1118 bellandi
854 1064 899 1118 est
914 1074 1006 1118 arnor.

220 1146 328 1205 totiens
343 1142 475 1211 timebit,
491 1141 611 1203 Herculi
627 1150 724 1202 netem
741 1158 849 1220 parens

222 1230 359 1305 quotiens
374 1227 506 1306 negabit:
530 1228 625 1288 hostis
639 1235 684 1287 est
698 1230 833 1303 queque
847 1243 934 1287 socer

219 1314 286 1373 lieri
300 1322 434 1381 recusat,
450 1315 474 1373 si
490 1329 582 1390 gener
598 1328 657 1371 non
673 1318 730 1379 est,
748 1311 827 1371 lurit.

221 1398 374 1474 posthaec
390 1397 459 1476 quid
476 1399 547 1457 istas
561 1399 703 1456 innocens
717 1412 807 1456 seruo
822 1414 942 1465 manus,

221 1482 316 1542 donee
332 1480 478 1543 furentem
494 1479 613 1541 simulet
627 1498 662 1540 ac
676 1497 766 1540 saeua
781 1498 871 1541 manu

220 1566 354 1627 intendat
368 1584 457 1627 arcus
471 1583 578 1644 meque
594 1571 755 1641 natumque
770 1565 937 1643 opprimat?

220 1652 262 1710 sic
278 1652 419 1728 coniuges
435 1649 554 1728 expellit
568 1648 686 1709 Alcides
699 1666 782 1718 suas,

220 1734 294 1795 baec
309 1735 526 1812 suntrepudia.
558 1752 614 1794 nec
628 1741 727 1811 potest
741 1734 806 1794 lieri
822 1750 950 1794 nocens:
1082 1729 1084 1732 ⁴
1164 1745 1214 1793 435

223 1820 310 1880 terris
327 1818 422 1880 uideri
438 1818 601 1880 sceleribus
616 1835 734 1878 eaumm
750 1820 811 1879 suis

223 1904 293 1964 lecit
308 1921 479 1965 nouercam.
510 1903 580 1983 quid
595 1910 697 1979 stupes
711 1904 811 1979 segnis
826 1902 929 1962 lurorl

222 1988 319 2049 scelus
335 1988 540 2067 occupandum
557 1995 610 2048 est.
641 2004 770 2066 perage,
787 1987 857 2047 dum
873 1986 969 2048 leruet
984 2004 1100 2047 manus.

221 2085 323 2133 NVTR.
341 2075 470 2151 perimes
485 2072 642 2133 maritumi

221 2169 340 2217 ouran.
668 2155 789 2235 paelicis
804 2162 884 2216 certe
900 2173 992 2218 meae.
1268 2228 1269 2231 Ἴ

223 2254 325 2301 uvrlr.
344 2248 372 2301 at
387 2242 458 2303 lone
473 2249 616 2302 creatum.
1163 2250 1215 2298 440

224 2338 344 2386 DEtAN.
667 2342 776 2403 nempe
792 2330 820 2385 et
834 2323 974 2385 illcrnena
990 2331 1095 2385 satum.

221 2423 324 2470 uvrn.
343 2409 482 2472 serrone?

222 2507 343 2555 nemu.
498 2494 589 2557 terro.

222 2592 324 2639 nvun.
614 2579 638 2639 si
654 2575 776 2658 nequis?

223 2675 341 2722 Dntnn.
806 2662 949 2740 perimam
965 2660 1041 2721 dolo.

222 2760 326 2807 NVTR.
344 2747 408 2825 quis
423 2747 477 2807 iste
494 2746 577 2808 luror
594 2746 655 2808 est?

222 2844 342 2891 nerlu.
684 2848 771 2908 quem
788 2846 872 2890 meus
893 2831 1020 2889 coniunx
1042 2828 1138 2889 docet.

290 3053 340 3101 410
360 3057 422 3114 poet
444 3052 495 3101 420
519 3058 619 3247 trecop.
643 3050 719 3102 Nlla.
749 3050 836 3099 Vilis
859 3064 911 3099 uec
933 3047 1010 3097 illum
1029 3048 1103 3097 NHe.
1125 3047 1137 3109 Η

224 3119 275 3168 420
293 3116 322 3166 Si
340 3131 395 3180 quo
415 3122 459 3168 erl
476 3132 537 3182 neg.
557 3134 578 3167 ω

225 3186 246 3236 0
256 3200 274 3248 p
292 3185 398 3249 rapitur
416 3187 441 3236 A
454 3187 506 3235 tud.
520 3201 573 3237 err.
600 3183 647 3246 ai)
662 3185 730 3233 etin
742 3201 768 3249 p.
783 3184 838 3233 tlt
857 3180 869 3250 ll
888 3185 940 3234 420
958 3182 1101 3243 otholieur
1122 3181 1136 3246 ll

223 3255 273 3304 420
292 3253 418 3317 quotiens
437 3268 516 3304 socer
534 3270 556 3302 ω
579 3251 730 3316 quisquis
749 3266 829 3302 socer
846 3251 922 3305 NHs.
940 3254 1005 3302 cont.
1023 3251 1104 3303 Herc.
1126 3250 1140 3298 I

223 3338 246 3374 u.
261 3323 327 3371 1174
339 3317 350 3388 Η
362 3322 412 3373 430
429 3336 483 3371 non
503 3321 547 3370 fit
565 3320 632 3369 furit
650 3319 725 3368 NHs.
746 3319 814 3369 furit
831 3321 856 3369 A
869 3319 939 3384 Rp?
951 3319 1022 3383 Mop.
1040 3318 1140 3377 feritur

224 3389 295 3439 feeit
306 3390 371 3439 Pau.
386 3392 546 3439 reetuetioree.
561 3384 572 3453 ll
584 3389 634 3438 432
652 3387 816 3437 stimuletur
835 3385 1005 3452 (tppcpraplri
1014 3384 1141 3451 epicura)

224 3471 272 3583 pap.
284 3456 348 3583 Bar).
362 3453 384 3571 ll
402 3457 453 3587 ιῇ38
471 3470 555 3519 perge
575 3471 596 3504 ro
614 3470 687 3519 pere
694 3470 728 3519 ge
746 3457 848 3519 scripsi.
868 3450 880 3519 ll
902 3457 954 3507 440
971 3470 1068 3520 nempe
1088 3453 1142 3506 alc.

237 3538 283 3570 om.
304 3529 331 3570 ot

615 3116 724 3181 capitur
742 3118 766 3167 A
784 3119 851 3167 Pau.
869 3118 1021 3167 uetueriorer
1040 3116 1101 3165 llio
1108 3117 1139 3164 11
