2576 4044
291 298 296 306 -
395 270 576 319 nnacvnas
594 256 784 338 [concors]
982 251 1044 316 373

111 415 118 434 '
213 410 298 473 Falsa
314 417 358 472 est
372 411 409 471 de
424 411 548 489 geminis
564 407 661 469 labala
677 408 827 478 noctibus,

172 497 274 558 aether
290 514 358 556 curn
373 496 467 556 tenuit
482 495 578 554 sidera
594 492 725 571 longina,

173 582 366 660 conmisitque
382 581 465 640 uices
480 577 585 639 lucifer
600 578 728 656 hespero

107 659 113 663 ’
173 674 200 726 et
216 664 309 726 solem
325 665 418 725 uetuit
433 662 514 724 Delia
530 663 651 722 tardior.

216 832 308 894 Nullis
324 831 497 893 uulneribus
513 831 616 909 peruia
632 828 765 890 membra
781 836 857 889 sont.

172 917 284 979 lernam
301 918 389 978 sentit
404 915 511 984 hebes,
528 913 635 976 lentior
651 920 695 973 est
711 912 840 993 chalybs.

171 1004 201 1062 in
216 1003 297 1062 nudo
313 1000 427 1079 gladius
443 1017 569 1077 corpore
585 1000 731 1076 frangitur

172 1096 201 1147 et
215 1105 317 1147 saxum
334 1084 428 1146 resilit
445 1084 560 1162 lataque
577 1081 706 1161 neglegit

172 1180 201 1231 et
215 1178 342 1231 mertem
359 1170 502 1230 indomito
515 1175 638 1245 pectore
654 1175 805 1246 prouocat.

216 1339 283 1399 Non
298 1337 380 1398 illum
398 1343 534 1415 poterant
549 1337 640 1413 figere
657 1335 807 1412 cuspides,

173 1440 234 1482 non
250 1441 337 1483 arcus
353 1421 482 1501 scythica
497 1427 599 1481 tensus
614 1419 795 1490 harundine,

174 1524 235 1567 non
252 1525 327 1584 quae
343 1504 400 1566 tela
416 1507 492 1583 gerit
508 1506 641 1565 Sarmata
658 1503 781 1580 frigidus

175 1598 225 1651 aut
241 1593 291 1669 qui
306 1589 441 1651 soliferae
457 1591 627 1667 suppositus
642 1588 746 1668 plagae

173 1677 272 1735 uicino
289 1677 423 1736 Baianae
439 1673 563 1735 uulnera
579 1673 678 1751 dirigit

174 1760 302 1821 Parthus
317 1760 465 1836 gnosiacis
481 1760 591 1820 certior
606 1757 723 1819 ictibus.

114 1933 120 1952 '
215 1928 315 1988 llluros
331 1928 487 1989 Oechaliae
504 1945 631 2006 corpore
647 1926 786 2006 propulit.

171 2012 213 2071 nil
229 2013 348 2073 obstare
364 2013 453 2074 ualet.
482 2013 604 2072 uincere
619 2011 696 2090 quod
713 2020 800 2090 parat

170 2098 229 2155 iam
246 2099 358 2157 uictum
375 2107 427 2158 est.
459 2104 547 2175 quota
563 2112 632 2174 pars
647 2094 772 2157 uulnere
788 2095 934 2156 concidit?

171 2197 226 2257 pro
242 2182 301 2258 lato
317 2185 412 2260 patuit
426 2181 526 2241 unitus
541 2181 669 2259 iniquior
1067 2190 1119 2242 165

172 2274 201 2324 et
216 2265 324 2326 uidisse
340 2273 384 2325 sat
400 2274 444 2326 est
458 2263 615 2325 herculeas
631 2265 734 2325 minas.

113 2437 119 2454 '
216 2431 270 2503 Qui
287 2441 388 2494 uastus
404 2433 559 2500 BriareuS,
576 2433 625 2510 qui
642 2433 770 2494 tumidus
786 2434 865 2513 Gyas

173 2535 262 2595 supra
280 2517 468 2578 thessalicum
485 2517 616 2577 constitit
632 2534 771 2595 aggerem

197 2738 245 2786 148
265 2737 409 2787 contenuit
425 2739 467 2787 uel
484 2737 622 2787 continuit
638 2745 662 2801 ψ
685 2732 697 2803 ss
726 2739 775 2788 156
793 2738 880 2789 solem
897 2738 958 2790 ER
972 2738 1007 2803 (m
1020 2742 1046 2790 ia

126 2803 193 2867 ras.)
210 2804 312 2855 Ceasar.
331 2805 405 2856 solea
423 2805 448 2855 A
470 2801 482 2870 ΙΙ
506 2807 553 2856 151
567 2806 690 2855 membra
701 2805 768 2855 EM
783 2810 906 2857 monstra
917 2808 943 2857 A
963 2803 975 2873 ΙΙ
996 2809 1045 2858 152

127 2872 213 2921 sentit
224 2871 291 2922 EM
309 2874 399 2923 sensit
412 2873 437 2923 A
450 2869 462 2938 ss
475 2874 524 2923 155
541 2877 655 2923 mortem
667 2888 689 2923 ω
707 2879 835 2924 martem
852 2876 950 2939 scripsi
960 2873 972 2941 l}
984 2890 1043 2925 eor·

125 2954 193 3005 pore
211 2957 233 2990 ω
255 2945 388 3005 pectore
406 2940 543 2990 LMueller
559 2937 570 3006 ΙΙ
589 2942 637 2992 160
654 2940 760 3007 uicino)
778 2944 864 2992 ultima
882 2948 952 2993 nocta
969 2944 1046 2992 litera

126 3023 191 3072 quae
200 3009 303 3059 uidetur
312 3024 327 3058 o
335 3009 417 3071 [chae
429 3010 528 3058 lineolis
540 3010 624 3059 deleta
635 3024 717 3073 cupra
728 3012 850 3075 scriptume
861 3026 876 3060 o
886 3027 916 3059 m.
928 3013 1008 3065 ,tertia
1019 3009 1046 3058 Ε

125 3076 217 3125 uicino
237 3077 261 3125 A
279 3076 431 3141 uicinuso
454 3072 466 3142 ΙΙ
496 3076 618 3127 nabatao
636 3077 663 3126 Ε
679 3077 828 3127 Nabathaa
847 3079 872 3128 A
891 3077 1044 3127 Balenae

126 3158 162 3192 ea*
180 3142 309 3207 Stephano
328 3144 395 3208 sz.
414 3146 527 3209 reposui.
548 3141 560 3210 ΙΙ
583 3147 631 3195 162
650 3144 778 3195 oecaliae
796 3144 822 3194 Ε
845 3144 1000 3195 Oechaliae
1018 3146 1043 3195 A

127 3209 229 3259 atholia
246 3218 271 3273 ψ
291 3208 303 3277 ΙΙ
325 3213 373 3262 165
390 3213 483 3278 patuit
500 3211 526 3260 Ε
538 3213 609 3276 Mop.
622 3213 688 3262 R1a
705 3213 796 3277 potuit
814 3212 881 3262 Aac
901 3209 913 3278 ΙΙ
934 3213 1044 3263 166111-

127 3276 201 3326 diaae
220 3278 282 3327 alifi
300 3279 403 3331 uicisse
422 3280 448 3330 A
471 3275 482 3346 ΙΙ
505 3280 653 3331 herculeas
671 3281 760 3330 minae
779 3280 874 3331 ellER
896 3279 1044 3330 Herculeis

126 3344 209 3393 minis
227 3346 252 3395 A
265 3342 276 3411 ΙΙ
294 3347 342 3398 167
361 3348 429 3409 Quis
447 3381 488 3399 ...
507 3349 569 3412 quic
589 3348 612 3397 Ε
630 3348 684 3409 Qui
765 3349 812 3412 qui
830 3349 854 3397 A
873 3342 884 3413 ΙΙ
901 3349 1001 3413 gigans
1019 3346 1045 3395 Ε

126 3411 206 3477 gigas
224 3420 247 3475 ψ
265 3412 367 3479 Gyges
387 3431 405 3465 α
433 3416 517 3478 Gyas
536 3417 626 3466 Delra'o
646 3413 658 3482 ΙΙ
680 3416 729 3467 168
748 3415 848 3466 Subter
864 3415 1045 3466 thessalicum

126 3480 206 3529 stetit
225 3478 308 3543 (stitit
325 3487 344 3531 t.
365 3482 455 3546 Gran.)
474 3498 605 3548 aggerem
623 3484 649 3532 Ε
679 3483 716 3534 Su
735 3500 767 3534 ra
785 3483 963 3535 Thessalicos
982 3498 1045 3534 con·

125 3547 199 3598 utilit
218 3563 335 3614 aggeres
354 3550 379 3599 A
399 3565 495 3614 quum
513 3552 592 3602 stetit
611 3552 688 3602 Gran.
713 3500 734 3617 ll)
