2544 4040
224 253 284 317 142
502 268 533 314 c.
551 267 683 314 aarum
700 266 857 326 sausoure

264 419 368 466 uv‘rlr.
392 405 509 466 Ferus
525 415 576 466 est.

263 504 320 551 ΡΗ.
611 507 713 550 amore
729 488 884 550 didicimus
900 490 980 551 uinci
998 489 1010 549 f
1015 509 1110 552 eros.

203 578 210 598 '
265 575 520 652 avorafugiet.
943 634 946 639 .

264 672 320 720 ΡΗ.
561 675 614 736 per
630 659 693 736 ipsa
709 660 801 718 maria
817 660 843 719 si
859 658 981 736 fugiat
994 678 1116 737 sequar.

264 757 367 804 uv‘rR.
391 744 482 821 patris
496 749 689 803 memento.

263 841 320 887 ΡΗ.
674 828 905 887 meminimus
922 829 1025 887 matris
1040 828 1139 889 simui.

204 921 211 938 '
265 924 367 971 eru.
392 929 485 990 genus
501 929 589 971 omne
604 911 745 990 profugit.

265 1010 342 1057 ΡΗ·
476 1037 500 1067 ,-
637 1044 639 1049 ,
770 994 892 1074 paelicis
907 1014 995 1056 careo
1012 1003 1101 1072 metu.

264 1095 368 1141 ΗνΡΗ.
392 1080 516 1140 aderit
532 1080 654 1141 maritus

163 1205 166 1209 -
264 1178 320 1245 ΡΗ.
715 1182 821 1243 nempe
836 1163 966 1225 Perithoi
984 1174 1095 1226 comes.

205 1254 212 1272 ’
266 1262 370 1309 uvru.
394 1249 578 1326 aderitque
594 1250 720 1326 genitor.

199 1409 201 1414 .
265 1348 321 1394 ΡΗ.
718 1334 796 1394 mitis
811 1333 956 1394 Ariadnae
971 1341 1065 1412 pater.

190 1450 206 1482 a
266 1432 369 1479 eru.
394 1418 450 1478 Per
465 1417 519 1477 has
533 1425 670 1477 senectae
686 1417 856 1495 splendidas
871 1418 995 1497 supplex
1011 1436 1113 1479 comas

223 1502 424 1581 fessumque
440 1503 519 1562 curis
534 1510 685 1579 pectuset
699 1519 768 1561 rara
785 1502 878 1562 ubera

223 1605 331 1666 precor
346 1587 510 1647 furorem
526 1588 596 1646 siste
613 1595 699 1664 teque
714 1588 778 1664 ipsa
794 1587 911 1648 adiuua.

223 1688 292 1749 pars
302 1671 437 1730 sanitatis
453 1669 529 1729 uelle
544 1673 642 1730 sanari
656 1671 719 1731 fuit.

189 1772 223 1821 a·
266 1769 322 1814 ΡΗ.
347 1754 412 1816 Non
428 1756 524 1814 omnis
540 1756 638 1815 animo
655 1757 742 1817 cessit
757 1756 887 1833 ingenuo
903 1755 1015 1833 pudor:

223 1857 361 1918 paremus
377 1839 473 1900 altrix.
503 1841 554 1917 qui
568 1841 632 1915 regi
648 1856 707 1899 non
724 1838 788 1900 uuit
802 1857 886 1900 umor

223 1925 368 1985 uincetur.
399 1924 478 1985 haral
494 1930 523 1983 te
539 1924 615 1983 sama
633 1923 774 1985 maculari
789 1926 893 1983 sinam.

212 2009 296 2070 'haec
313 2009 374 2070 soie
389 2014 464 2069 ratio
481 2016 525 2069 est
540 2011 660 2069 unicum
676 2009 817 2086 effugium
832 2007 917 2068 mali:

154 2098 158 2106 '
222 2093 1015 2172 uirumsequamurmortepraeuertamueias

114 2194 127 2203 ’
221 2192 325 2239 ΗΡΡΗ.
348 2177 504 2238 moderare
519 2176 637 2238 alumna
653 2178 759 2237 mentis
774 2178 903 2237 effrenae
918 2178 1060 2255 impetus,

224 2264 337 2323 animos
352 2281 468 2324 coerce.
500 2262 617 2338 diguam
633 2261 671 2322 oh
688 2262 745 2322 hoc
759 2263 819 2323 uita
835 2279 906 2321 reor

201 2417 203 2422 .
223 2349 302 2427 quod
318 2366 382 2409 esse
398 2354 487 2409 temet
501 2354 636 2407 autumas
651 2347 770 2423 dignam
787 2364 869 2407 nece.

186 2441 210 2499 u'
265 2447 322 2493 ΡΗ.
347 2434 503 2494 Decreta
518 2449 616 2491 mors
631 2439 689 2493 est:
700 2504 703 2509 γ
713 2433 866 2508 quaeritur
882 2431 933 2490 iati
948 2447 1050 2507 genus.

224 2517 369 2596 laqueone
385 2519 475 2578 uitam
491 2517 591 2576 tiniam
607 2512 644 2576 an
659 2516 740 2576 ferro
755 2514 893 2576 incubem

224 2620 260 2662 au
277 2603 364 2662 missa
380 2618 523 2679 praeceps
539 2618 607 2681 arce
622 2599 747 2678 palladia
763 2601 884 2661 cariam?

224 2703 279 2764 pro
296 2687 436 2746 castitatis
451 2685 567 2745 uindice
583 2702 732 2746 armemus
747 2702 875 2746 inanum.

291 2975 341 3024 245
359 2973 466 3023 ΡΗΑΕ.
486 2972 561 3022 ferus
580 2976 622 3020 est
640 2972 665 3021 E
690 2971 773 3024 NVT.
792 2971 867 3021 ferus
886 2975 929 3021 est
947 2970 971 3019 A
995 2968 1008 3037 Η
1031 2970 1137 3021 ΡΗΑΕ.

223 3056 315 3092 amore
333 3042 358 3090 A
386 3041 445 3093 PH.
463 3057 509 3092 om.
529 3040 554 3089 E
577 3036 588 3105 [Ι
612 3041 662 3090 249
679 3038 807 3105 perithoy
824 3038 850 3087 E
879 3038 994 3104 pirithoi
1012 3039 1036 3088 A
1058 3035 1137 3105 {1251

223 3108 368 3174 splendida
389 3108 414 3157 Ε
437 3106 449 3175 Η
472 3110 521 3159 552
547 3123 615 3158 cera
637 3124 659 3157 ω
689 3122 758 3157 rere
774 3108 870 3171 scripsi
892 3102 977 3199 iv1253
1001 3106 1089 3171 ipsam
1113 3106 1137 3154 A

221 3212 283 3276 ipse
300 3210 326 3259 E
348 3206 361 3277 ΙΙ
383 3212 434 3261 254
471 3210 635 3261 amenitatis
652 3208 678 3258 E
701 3205 713 3274 ΙΙ
735 3208 785 3258 255
808 3209 925 3271 ingenuo
946 3207 972 3256 Ε
995 3203 1008 3274 Η
1030 3209 1079 3258 tol
1097 3206 1137 3257 ul·

222 3283 267 3329 tra
283 3279 309 3328 E
331 3279 390 3328 uite
408 3279 431 3329 A
451 3228 468 3345 ᾗ
490 3280 540 3329 263
557 3277 665 3330 ΡΗΛΕ.
686 3292 738 3327 om·
753 3291 771 3325 oc
793 3272 805 3341 Η
828 3277 878 3325 266
896 3276 976 3340 proin
995 3276 1137 3325 eastitatis

222 3348 247 3397 Ε
276 3347 361 3398 NV‘P.
383 3362 432 3412 pro
457 3347 599 3397 eastitatis
618 3345 643 3394 A
673 3343 811 3394 uindicem
830 3343 870 3393 Αε
899 3344 1088 3406 procacitatis
1105 3343 1137 3407 ci,

222 3415 340 3481 Sceliper
362 3431 411 3481 pro
435 3415 577 3465 eastitatis
599 3411 715 3463 uindice
738 3413 770 3464 ci.
790 3410 840 3462 Bo.
861 3418 922 3475 poet
944 3426 968 3462 u.
988 3413 1039 3459 271
1061 3425 1138 3475 repo-

212 3486 328 3536 mendum
350 3500 407 3535 ecee
429 3483 493 3532 iuno
515 3497 615 3532 uersum
634 3481 712 3533 Gran.
735 3481 840 3529 censuit.
869 3480 941 3529 deest
963 3484 1031 3529 totus
1049 3492 1139 3528 uersus

220 3554 247 3600 in
269 3554 294 3602 V
320 3549 332 3617 il
944 3546 953 3559 '

1159 419 1205 467 ’245

1156 1345 1203 1394 550

1155 1766 1202 1816 256

1155 2187 1203 2238 260
