2536 4046
210 234 253 298 36
494 249 524 295 n.
543 248 674 295 ennam
692 247 850 295 snubere

170 399 198 458 b'
254 388 421 459 Quantus
442 386 551 446 incedit
566 386 693 464 populus
709 404 761 463 per
777 385 868 447 urbes

211 472 246 532 ad
263 473 334 532 noui
348 470 435 531 ludus
450 471 554 531 auidus
571 470 696 531 theatri:

211 556 334 636 qualis
350 555 446 616 eleum
463 557 523 616 ruit
538 555 573 616 ad
590 562 750 625 tonantem,

211 642 312 720 quinta
328 658 396 701 eum
411 658 529 701 sacrum
544 641 700 701 reuocauit
714 646 819 701 aestas.

177 842 191 874 e
254 809 414 881 Quanta,
436 827 503 869 eum
518 807 624 886 longae
640 809 718 869 redit
732 809 805 869 hora
821 810 901 870 noeti

211 912 347 956 creseere
363 900 392 954 et
407 911 528 953 somnos
543 894 665 972 cupiens
680 892 796 972 qtrietos

210 978 285 1039 libra
300 977 453 1056 phoebeos
466 985 550 1038 tenet
565 995 657 1056 aequa
674 992 789 1047 currus,

210 1063 323 1125 turba
345 1069 489 1122 secretam
507 1062 648 1122 Cererem
663 1062 833 1141 frequentat

211 1153 241 1208 et
256 1148 304 1208 eiti
319 1148 405 1207 tectis
420 1153 585 1226 properant
599 1146 710 1206 relictis

212 1233 293 1291 attici
308 1239 426 1292 noctem
442 1229 598 1303 eelebrare
612 1240 742 1309 mystae:

176 1408 199 1466 e‘
247 1400 362 1461 Tanta
385 1418 439 1479 per
455 1416 576 1477 campos
591 1400 688 1474 agitur
703 1398 823 1461 silentes

210 1484 329 1546 turba.
362 1486 530 1563 pars‘tarda
546 1484 678 1561 graditur
694 1485 822 1552 senecta,

216 1566 321 1654 [tristis
335 1577 364 1629 et
377 1571 472 1644 lonqa
485 1572 598 1630 satiata
612 1563 691 1651 uita]

212 1671 281 1730 pers
297 1652 393 1713 adhue
410 1654 502 1713 currit
516 1653 648 1713 melioris
663 1654 738 1722 aeui,

213 1737 345 1814 uirgines
359 1736 492 1797 nendum
509 1736 644 1798 thalamis
660 1739 776 1814 iugatae
877 1782 884 1795 .

213 1827 243 1882 et
258 1823 352 1882 comis
367 1821 499 1882 nondum
516 1823 619 1899 positis
635 1821 743 1900 ephebi

212 1906 315 1966 matris
331 1913 360 1966 et
375 1923 483 1967 nornen
499 1906 587 1966 modo
603 1907 707 1967 doetus
721 1906 827 1966 inians.

171 2082 203 2139 e‘'
257 2072 312 2135 His
326 2074 426 2135 datum
442 2074 526 2145 selis,
542 2076 640 2135 minus
654 2083 688 2135 ut
702 2076 839 2136 timerent

209 2160 278 2237 igne
293 2158 425 2237 praelato
441 2158 574 2221 releuare
590 2167 717 2221 noetem.

210 2244 300 2303 ceteri
315 2243 426 2304 uadunt
441 2262 496 2322 per
512 2262 603 2324 opaea
618 2246 726 2312 tristes,

209 2327 302 2408 qualis
317 2335 361 2389 est
376 2327 462 2389 nobis
478 2331 610 2397 animus,
623 2335 740 2409 ,remota

208 2412 275 2474 luce
291 2430 358 2473 curn
375 2420 504 2475 maestus
520 2412 576 2473 sibi
591 2414 717 2494 quisque
732 2412 823 2471 sensit

209 2496 349 2557 obrutum
373 2505 432 2558 tota
447 2505 536 2575 eaput
551 2517 616 2560 esse
630 2505 720 2558 terra.

175 2677 192 2725 d
253 2664 316 2724 Stat
331 2663 420 2723 chaos
436 2665 558 2725 densum
575 2665 776 2744 tenebraeque
791 2671 893 2743 turpes

210 2756 239 2809 et
257 2747 338 2808 color
354 2750 450 2808 noetis
465 2746 560 2809 malus
575 2768 610 2810 ae
625 2749 738 2812 silentis

129 2826 134 2835 ’
210 2833 301 2891 otium
318 2833 421 2893 mundi
437 2851 608 2913 uaeuaeque
623 2833 726 2894 nubes,

175 3015 190 3047 e
252 2985 324 3044 Sera
341 3003 396 3045 nos
412 2983 461 3044 illo
477 2978 588 3045 reserat
602 2994 747 3047 senectus.

210 3086 297 3128 nemo
313 3069 349 3128 ad
366 3069 394 3129 id
410 3087 478 3130 sero
495 3071 578 3130 uenit
593 3070 671 3132 unde
686 3088 857 3148 numquam,

276 3236 327 3285 844
344 3237 400 3286 ruit
411 3236 488 3299 EVtt»
507 3239 627 3304 curritur
646 3240 702 3289 coit
714 3240 739 3290 Α
760 3235 772 3306 [Ι
794 3240 844 3292 846
862 3240 943 3305 lenge
956 3241 981 3289 A
999 3236 1011 3306 ΙΙ
1034 3241 1128 3291 noetis

209 3305 233 3355 A
263 3298 275 3371 Η
304 3305 354 3355 848
376 3304 491 3355 thebeos
513 3306 540 3355 E
578 3302 591 3373 ss
623 3308 681 3358 ’850
704 3308 752 3358 siti
774 3305 807 3357 V¹
839 3308 902 3357 sciti
919 3308 983 3358 Ru
1012 3308 1082 3357 scite
1101 3315 1127 3369 ψ

207 3371 314 3422 Exeiti
331 3371 406 3424 NHe.
435 3368 448 3437 ΙΙ
480 3373 530 3424 853
553 3374 677 3438 graditur
693 3374 814 3425 EVR11
842 3373 971 3440 gestiret
992 3376 1051 3425 nro
1069 3375 1129 3438 (tur

208 3456 239 3490 m.
258 3438 323 3497 ree.)
342 3438 473 3505 grediens
491 3442 515 3490 A
539 3439 551 3507 11
574 3443 625 3493 854
642 3444 725 3493 deterri
747 3439 760 3509 [l
786 3445 836 3494 868
855 3444 944 3493 sensit
961 3442 1037 3507 ΕφΑ
1062 3457 1125 3493 sen·

209 3508 284 3570 titur
313 3503 325 3572 ΙΙ
353 3508 404 3557 864
421 3507 546 3558 obtutum
568 3510 596 3559 V
619 3506 630 3575 Η
