2504 4040
134 224 199 289 294
417 240 448 288 u.
464 240 598 288 annsm
614 241 775 290 senecam

134 386 287 459 praestare
303 381 414 440 meritis
429 381 577 456 coniugis:
601 380 660 441 icto
676 383 730 442 suit

135 474 225 543 caput
240 464 451 535 obserendum,
469 466 493 523 si
508 467 586 524 mori
601 465 726 526 nollem:
750 467 808 527 fide

133 551 244 610 misero
259 550 430 610 carendum.
463 567 523 609 non
539 550 628 609 timor
643 551 717 610 uicit
731 550 819 612 tidem

133 635 186 694 sed
203 635 317 714 trepida
333 635 440 714 pietas:
467 635 575 712 quippe
590 642 766 713 sequeretur
783 653 859 697 nece

133 717 234 797 proles
249 726 413 798 parentem.
514 772 517 773 γ

118 803 125 822 ’
455 801 621 863 Osanota
637 806 661 863 si
677 804 790 865 caelum
809 804 915 867 tucotts

132 888 245 948 lustitia
261 906 370 949 numen
387 890 495 948 inuoco
510 906 545 948 ac
560 895 653 949 testor
668 897 767 959 tuum,

133 975 215 1051 gnati
230 981 345 1050 patrem
362 974 472 1033 uicere.
504 974 574 1052 quin
593 974 687 1049 ipsam
704 991 822 1053 quoque

134 1058 188 1117 etsi
203 1057 286 1118 ferox
303 1065 347 1117 est
363 1057 452 1117 corde
468 1074 524 1117 nec
539 1058 654 1135 patiens
669 1060 730 1134 iugi

132 1141 291 1202 consulere
308 1144 383 1201 natis
398 1140 485 1202 malle
502 1159 590 1221 quam
605 1140 740 1202 thalamis
755 1160 834 1204 reor.

131 1228 285 1287 coustituit
299 1227 415 1288 animus
430 1227 570 1303 precibus
585 1228 690 1287 iratam
707 1227 836 1304 aggredi.

131 1319 221 1389 atque
237 1329 306 1372 ecoe
322 1312 386 1372 uiso
402 1319 512 1372 memet
527 1310 631 1372 exiluit
643 1312 730 1371 furit:

133 1397 192 1455 sert
208 1395 274 1456 odia
290 1415 361 1476 prae
378 1415 409 1457 se
425 1404 504 1456 totus
520 1398 550 1456 in
566 1394 651 1456 uultu
667 1403 712 1455 est
727 1395 836 1455 dolor.'
1178 1466 1186 1477 .

66 1520 69 1525 Α
101 1483 131 1535 b⁰
180 1493 264 1539 mnu.
289 1481 430 1558 Fugimus
444 1481 531 1541 lason
547 1480 683 1557 sugimus.
715 1479 772 1540 hoc
788 1498 846 1540 non
865 1489 911 1543 est
925 1499 1037 1546 nouum
1071 1494 1125 1544 450

133 1572 250 1625 mutare
265 1565 365 1633 sedes,
383 1584 470 1626 causa
487 1565 616 1642 fugiendi
633 1582 710 1624 noua
727 1571 784 1624 est:

133 1666 188 1726 ltro
204 1655 233 1708 te
250 1649 382 1711 solebam
399 1650 511 1728 fugere.
543 1649 663 1709 discedo
679 1667 752 1709 exeo

133 1732 290 1810 penatibus
306 1734 466 1813 profugere
481 1753 568 1812 quam
585 1736 666 1811 cogis
682 1735 749 1794 tuis.

99 1839 118 1873 a
177 1817 228 1877 Ad
244 1836 337 1896 quos
351 1819 536 1878 remittis?
559 1819 665 1879 Phasin
682 1825 711 1877 et
727 1816 852 1877 Colchos
868 1827 967 1897 petam

133 1903 322 1980 patriumque
338 1920 464 1980 regnum
481 1908 614 1981 quaeque
631 1904 778 1963 fraternus
794 1920 884 1963 cruor
1071 1915 1125 1964 455

134 1986 265 2065 perfudit
281 1988 371 2048 arua?
395 1990 543 2067 quas'peti
559 1995 655 2049 terras
669 1985 773 2047 iubes?

135 2089 209 2150 quae
225 2075 317 2132 maria
334 2074 500 2133 monstras?
524 2074 636 2151 pontici
652 2073 752 2132 fauces
768 2069 836 2130 ireti

134 2174 189 2234 per
205 2175 278 2235 quas
293 2159 396 2218 reneri
412 2157 541 2218 nobilem
558 2175 662 2234 regum
679 2173 798 2216 manum

132 2239 301 2302 adulterum
317 2250 416 2302 secuta
432 2261 487 2321 per
503 2240 731 2322 Symplegadas?

133 2344 297 2404 paruamne
313 2326 414 2387 lolcon
429 2325 556 2387 thessala
572 2344 609 2386 an
625 2325 737 2404 Tempe
752 2326 870 2403 petam?
1073 2337 1125 2384 450

135 2428 337 2490 quascumque
353 2413 455 2490 aperui
470 2411 523 2470 tibi
539 2412 601 2471 uias
617 2408 707 2470 clausi
723 2409 805 2469 mihi.

101 2492 126 2550 a'
180 2494 256 2566 Quo
272 2514 326 2556 me
341 2495 526 2556 remittis?
549 2493 616 2555 exui
633 2494 752 2554 exitium
768 2494 897 2571 imperas

135 2597 190 2638 neo
206 2579 266 2639 das.
298 2589 391 2640 eatur.
421 2581 521 2656 regius
536 2581 620 2639 iussit
635 2596 744 2656 gener:

136 2661 208 2722 nihii
225 2681 340 2724 recuso.
373 2664 435 2724 dira
452 2663 595 2742 supplicia
612 2665 730 2739 ingere:

136 2748 240 2807 merui.
274 2750 405 2808 cruentis
421 2747 563 2826 paelicem
579 2748 683 2826 poenis
699 2752 815 2825 premat

137 2830 246 2908 regatis
261 2833 305 2892 ira
321 2830 446 2893 uinculis
462 2839 566 2892 oneret
582 2851 687 2894 manus

133 2914 326 2995 ciausamque
342 2934 412 2976 saxo
429 2918 522 2977 noctis
538 2926 677 2978 aeternae
693 2915 817 2975 obruat:
892 2920 897 2925 '

204 3121 255 3169 439
277 3120 362 3169 nolim
384 3121 410 3171 A
440 3119 539 3169 nollem
564 3118 589 3168 E
617 3115 630 3185 ΙΙ
657 3120 708 3169 440
727 3118 876 3168 carendum
895 3121 938 3166 est
956 3118 981 3167 A
1013 3121 1056 3167 est

137 3184 242 3304 010.Εὲ
254 3188 342 3237 uincit
354 3189 442 3237 uirum
455 3188 480 3236 A
499 3188 568 3236 uicit
581 3187 613 3251 (t.
628 3186 686 3253 Gr.)
705 3184 785 3236 fidem
797 3185 822 3233 E
833 3182 844 3251 ΙΙ
857 3187 905 3234 441
919 3200 1016 3235 necem
1030 3186 1055 3234 A

137 3255 202 3304 neci
257 3270 328 3306 nece
343 3251 507 3320 6001511442
526 3262 672 3321 parentum
685 3271 706 3304 ω
724 3259 877 3317 parentem
891 3252 969 3302 Gran.
982 3248 994 3319 ΙΙ
1005 3253 1055 3302 466

138 3321 307 3382 Quintilianus
323 3323 376 3373 IX.
390 3327 415 3376 2.
429 3325 461 3373 8:
479 3328 488 3354 a
496 3328 527 3372 ut
539 3322 638 3372 Medea
659 3322 732 3385 apud
750 3322 899 3372 Senecam:
918 3335 987 3384 quas
999 3320 1058 3384 peti

137 3394 227 3439 terras
241 3393 354 3442 iubesi'
371 3387 382 3457 Η
399 3391 448 3441 468
462 3391 571 3441 nobii‘es
584 3406 605 3440 r.
619 3405 717 3439 manns
730 3391 753 3438 A
773 3388 895 3438 nobilem
913 3404 933 3436 r.
947 3402 1056 3437 manum

138 3455 163 3503 E
175 3453 186 3523 ΙΙ
201 3460 252 3510 469
265 3459 420 3510 adulterum
432 3458 458 3507 Ε
474 3455 486 3524 [Ι
501 3459 552 3508 460
565 3456 717 3518 colehontt
736 3456 834 3506 coloon
847 3455 896 3505 ER
907 3455 1000 3505 ioloon
1013 3470 1032 3504 α
1049 3450 1058 3519 ΙΙ

137 3529 204 3575 enta
216 3533 364 3592 pnepetam
377 3527 402 3575 Ε
415 3541 451 3575 an
464 3530 554 3591 tempe
567 3529 661 3590 petam
674 3526 697 3573 A
710 3520 722 3591 Η
738 3527 789 3575 462
802 3524 876 3573 exuli
890 3523 915 3572 A
930 3522 992 3573 exul
1004 3521 1030 3573 Ε
1046 3518 1057 3586 il
