2576 4044
506 261 707 311 AGAMEMNO

148 403 178 464 id
196 420 260 465 esse
276 403 360 482 regni
376 402 536 464 marimum
553 403 661 481 pignus
676 408 795 480 putant,

148 490 173 549 si
189 488 329 567 quioquid
345 486 409 548 allis
425 504 483 546 non
501 485 584 559 lieet,
601 486 671 548 solis
687 484 764 548 lieet.

192 584 290 633 curu.
314 570 430 649 ignouit
445 569 591 632 Helenae:
614 572 713 631 iuncta
730 569 861 631 Menelao
877 571 955 631 redit

149 674 224 734 quae
240 657 389 733 Europam
407 662 436 716 et
451 656 548 716 baiam
565 654 687 734 paribus
702 654 813 714 adflixit
829 653 922 717 malis.
1084 663 1135 714 275

147 752 228 801 aad.
244 738 296 800 sed
313 737 393 800 nulla
407 739 530 800 Atriden
548 756 658 800 uenere
675 739 783 800 furtiua
799 737 919 800 abstulit

148 843 204 886 neu
219 825 297 903 oepit
313 825 443 885 animum
460 824 577 901 coniugi
593 823 769 885 obstrictum
785 841 865 885 suae.

147 911 205 969 iam
222 908 335 969 crimen
351 906 401 970 ille
418 909 534 986 quaerit
550 915 578 969 et
594 925 696 969 causas
712 914 805 986 parat.

148 992 221 1053 nibil
237 1010 302 1055 esse
318 992 408 1053 erede
424 1000 511 1071 turpe
527 986 707 1053 conmissum
723 990 789 1052 tibi:

150 1076 219 1156 quid
236 1077 360 1139 honesta
375 1076 497 1156 prodest
514 1079 572 1138 uita
588 1076 701 1155 flagitio
716 1093 825 1137 uacans

149 1161 199 1221 ubi
215 1160 353 1223 dominus
369 1161 448 1222 oditl
470 1162 502 1221 llt
516 1178 641 1245 nocens,
659 1178 719 1221 uon
735 1162 897 1239 quaeritur.

193 1245 370 1324 Spartamne
385 1255 505 1326 repetes
521 1255 621 1324 spreta
637 1252 667 1305 et
681 1245 812 1306 Eurotan
829 1252 911 1307 tuum

147 1331 318 1409 patriasque
333 1330 419 1391 sedes
435 1329 578 1408 prolugal
601 1347 661 1390 non
677 1329 749 1389 daut
763 1331 873 1390 exitum

148 1413 272 1492 repudia
289 1429 404 1490 regunr.
436 1431 489 1490 spe
506 1419 602 1474 metus
617 1412 687 1473 falsa
704 1411 795 1473 leuas.
1040 1424 1063 1466 r.
1078 1423 1135 1465 cvl!

192 1509 292 1557 carr.
316 1496 428 1587 Delicta
444 1499 529 1557 nouit
544 1514 632 1558 nemo
649 1498 706 1558 nisi
723 1496 912 1558 lidusmea.
1083 1507 1134 1559 285
1184 1532 1187 1540 ·

148 1593 231 1642 nau.
249 1599 309 1641 non
326 1583 416 1642 intrat
432 1599 572 1660 umquam
588 1584 704 1659 regium
720 1579 810 1642 limen
826 1581 931 1641 lides.

191 1676 289 1727 carr,
314 1664 428 1745 Opibus
445 1665 595 1736 merebor,
614 1674 646 1727 ut
661 1665 773 1726 lidern
789 1666 911 1744 pretio
927 1664 1064 1743 obligem.
1169 1704 1174 1727 .

148 1760 228 1811 aad.
244 1750 340 1829 pretio
357 1760 458 1829 parata
474 1751 603 1811 uincitur
619 1751 746 1829 pretio
762 1749 868 1811 fides.
1115 1740 1123 1761 ⁴

190 1847 270 1894 nvn.
295 1834 395 1910 Surgit
410 1834 546 1896 residuus
561 1836 705 1912 pristinae
721 1835 827 1895 mentis
842 1833 948 1913 pudor.

150 1918 220 1996 quid
236 1917 399 1998 obstrepis,
417 1917 488 1996 quid
505 1936 580 1980 uoce
595 1917 785 1996 blandiloqua
801 1916 876 1978 mala
1085 1929 1136 1978 290

150 2000 268 2062 consilia
284 2002 395 2063 dietas?
417 2002 529 2064 scilicet
544 2001 636 2064 nubet
651 2002 705 2062 tibi

150 2102 253 2163 regum
270 2085 374 2147 relicto
390 2104 461 2165 rego
476 2104 621 2164 generosa
638 2084 734 2147 exuli?

149 2181 229 2229 aaa.
247 2178 276 2230 et
292 2189 345 2231 eur
359 2171 461 2232 Atrida
477 2171 718 2267 uideo'nlerior
734 2169 789 2231 tibi

150 2262 255 2332 gnatus
270 2254 433 2334 Thyestae?

149 2350 229 2399 uva.
464 2341 487 2400 si
503 2358 609 2418 parum
626 2346 686 2409 est,
703 2339 778 2400 adde
793 2347 822 2400 et
837 2357 939 2418 nepos.

150 2434 233 2483 aaa.
255 2431 412 2485 auctore
427 2423 576 2485 Phoebo
591 2425 707 2502 gignor.
738 2423 816 2485 haud
832 2424 952 2501 generis
966 2423 1066 2504 pudet.
1085 2431 1136 2482 295

191 2521 271 2568 rava.
295 2506 482 2569 Phoebum
503 2508 631 2571 uelande
646 2509 745 2587 stirpis
765 2516 958 2569 auctorem
977 2525 1068 2570 uocas

151 2609 240 2671 quem
256 2600 342 2653 noete
358 2591 453 2653 subita
469 2593 554 2653 irena
569 2600 759 2653 reuocantem
776 2611 829 2653 sua

151 2674 233 2736 caelo
249 2675 417 2754 expulistis?
440 2677 509 2755 quid
526 2676 598 2738 deos
613 2675 725 2755 probro
742 2677 896 2739 addimus?

151 2759 308 2839 subripere
324 2760 429 2823 doctus
444 2762 549 2823 fraude
564 2759 686 2840 genialis
702 2770 783 2822 toros

151 2948 353 2957 —-.-—.

218 3065 269 3116 279
286 3063 378 3115 Niehil
397 3065 423 3115 Ε
440 3065 487 3115 Nil
505 3067 531 3116 A
551 3061 563 3131 ΙΙ
583 3066 632 3116 280
649 3079 756 3115 uacans
774 3065 799 3114 Ε
818 3078 916 3115 careus
935 3063 960 3112 A
983 3059 996 3129 ll
1018 3062 1068 3113 282

151 3129 279 3195 Spartam
292 3132 317 3180 E
335 3131 456 3198 Sparten
471 3129 517 3198 All
528 3148 564 3182 ne
576 3132 628 3181 EA
647 3147 711 3182 num
729 3129 776 3198 ψΗ
789 3138 817 3182 et
834 3133 899 3183 adro
918 3134 1025 3181 tautum
1043 3129 1068 3179 E

150 3197 275 3248 Eurotan
292 3203 380 3249 tuum
400 3200 479 3256 Gran.
511 3204 539 3251 et
558 3216 575 3249 a
592 3204 670 3250 tanto
688 3202 748 3250 uiro
767 3200 792 3249 A
862 3199 913 3249 284
935 3203 1025 3248 metus
1043 3197 1068 3246 E

150 3268 253 3314 metum
266 3266 290 3315 A
304 3263 316 3333 l}
327 3268 377 3319 289
395 3269 446 3318 294
463 3270 513 3319 296
531 3267 613 3320 NVT.
627 3267 652 3316 Ε
671 3266 775 3319 CLYT.
790 3268 813 3317 A
850 3268 899 3317 291
918 3266 1003 3315 nubet
1015 3264 1067 3315 EA

151 3331 254 3382 nubam
272 3334 345 3384 Vorr.
368 3331 433 3401 1292
446 3350 581 3401 generoso
593 3335 618 3384 E
637 3349 772 3399 generosa
785 3334 810 3384 A
846 3334 896 3384 296
909 3331 1030 3382 nefande
1043 3330 1068 3378 Ε

151 3399 301 3452 nefandae
321 3399 360 3468 αΙ
384 3403 435 3454 298
454 3402 578 3453 addimus
596 3402 621 3451 Ε
640 3402 762 3453 aduooas
781 3402 806 3452 A
856 3401 906 3451 299
925 3398 982 3449 Sub
1000 3412 1067 3463 rupe

105 3518 111 3527 ,
151 3467 284 3520 reduetus
302 3469 327 3518 E
349 3469 493 3537 Surripere
512 3471 610 3521 doetus
628 3471 652 3520 A
676 3466 688 3536 ll
712 3469 831 3535 genialia
850 3468 875 3518 Ε
902 3465 1068 3532 geniales&

152 3535 299 3601 genitales
318 3533 426 3603 uiltori
444 3539 470 3588 Ε
488 3543 562 3589 toros
580 3538 605 3588 A
629 3534 641 3604 ss
