<?xml version="1.0" encoding="UTF-8"?>
<!DOCTYPE html PUBLIC "-//W3C//DTD XHTML 1.0 Transitional//EN"
    "http://www.w3.org/TR/xhtml1/DTD/xhtml1-transitional.dtd">
<html xmlns="http://www.w3.org/1999/xhtml" xml:lang="en" lang="en">
 <head>
  <title>
</title>
<meta http-equiv="Content-Type" content="text/html;charset=utf-8" />
  <meta name='ocr-system' content='tesseract 3.04.00' />
  <meta name='ocr-capabilities' content='ocr_page ocr_carea ocr_par ocr_line ocrx_word'/>
</head>
<body>
  <div class='ocr_page' id='page_1' title='image "./lannaeisenecaet08senegoog_0454.png"; bbox 0 0 2576 4044; ppageno 0'>
   <div class='ocr_carea' id='block_1_1' title="bbox 411 236 1090 322">
    <p class='ocr_par' dir='ltr' id='par_1_1' title="bbox 411 236 1090 322">
     <span class='ocr_line' id='line_1_1' title="bbox 411 236 1090 322; baseline -0.01 -20"><span class='ocrx_word' id='word_1_1' title='bbox 411 252 593 304; x_wconf 71' lang='lat' dir='ltr'>nescvmes</span> <span class='ocrx_word' id='word_1_2' title='bbox 610 238 799 322; x_wconf 67' lang='lat' dir='ltr'>[oeessvs]</span> <span class='ocrx_word' id='word_1_3' title='bbox 1002 236 1066 302; x_wconf 79' lang='lat'>375</span> <span class='ocrx_word' id='word_1_4' title='bbox 1082 283 1090 295; x_wconf 90' lang='lat'><strong>.</strong></span> 
     </span>
    </p>
   </div>
   <div class='ocr_carea' id='block_1_2' title="bbox 190 393 774 813">
    <p class='ocr_par' dir='ltr' id='par_1_2' title="bbox 190 393 649 458">
     <span class='ocr_line' id='line_1_2' title="bbox 190 393 649 458; baseline -0.011 0"><span class='ocrx_word' id='word_1_5' title='bbox 190 395 239 458; x_wconf 88' lang='lat' dir='ltr'>uel</span> <span class='ocrx_word' id='word_1_6' title='bbox 254 399 285 458; x_wconf 89' lang='lat' dir='ltr'>in</span> <span class='ocrx_word' id='word_1_7' title='bbox 301 396 410 457; x_wconf 85' lang='lat' dir='ltr'>edonas</span> <span class='ocrx_word' id='word_1_8' title='bbox 425 394 517 455; x_wconf 81' lang='lat' dir='ltr'>tollite</span> <span class='ocrx_word' id='word_1_9' title='bbox 533 393 649 454; x_wconf 83' lang='lat' dir='ltr'>siluas</span> 
     </span>
    </p>

    <p class='ocr_par' dir='ltr' id='par_1_3' title="bbox 191 478 620 560">
     <span class='ocr_line' id='line_1_3' title="bbox 191 478 620 560; baseline -0.009 -18"><span class='ocrx_word' id='word_1_10' title='bbox 191 480 285 560; x_wconf 82' lang='lat' dir='ltr'>qualis</span> <span class='ocrx_word' id='word_1_11' title='bbox 300 488 400 542; x_wconf 85' lang='lat' dir='ltr'>natum</span> <span class='ocrx_word' id='word_1_12' title='bbox 417 478 528 541; x_wconf 81' lang='lat' dir='ltr'>daulies</span> <span class='ocrx_word' id='word_1_13' title='bbox 544 478 620 540; x_wconf 82' lang='lat' dir='ltr'>ales</span> 
     </span>
    </p>

    <p class='ocr_par' dir='ltr' id='par_1_4' title="bbox 190 563 774 813">
     <span class='ocr_line' id='line_1_4' title="bbox 190 563 691 627; baseline -0.012 0"><span class='ocrx_word' id='word_1_14' title='bbox 190 566 265 627; x_wconf 86' lang='lat' dir='ltr'>solet</span> <span class='ocrx_word' id='word_1_15' title='bbox 280 566 399 627; x_wconf 83' lang='lat' dir='ltr'>ismaria</span> <span class='ocrx_word' id='word_1_16' title='bbox 415 564 488 625; x_wconf 83' lang='lat' dir='ltr'>ssere</span> <span class='ocrx_word' id='word_1_17' title='bbox 503 564 559 624; x_wconf 89' lang='lat' dir='ltr'>sub</span> <span class='ocrx_word' id='word_1_18' title='bbox 575 563 691 625; x_wconf 80' lang='lat' dir='ltr'><strong>umbra.</strong></span> 
     </span>
     <span class='ocr_line' id='line_1_5' title="bbox 191 649 724 727; baseline -0.009 -16"><span class='ocrx_word' id='word_1_19' title='bbox 191 651 344 711; x_wconf 78' lang='lat' dir='ltr'>formem</span> <span class='ocrx_word' id='word_1_20' title='bbox 359 649 489 710; x_wconf 79' lang='lat' dir='ltr'><strong>lacrimis</strong></span> <span class='ocrx_word' id='word_1_21' title='bbox 505 655 633 727; x_wconf 82' lang='lat' dir='ltr'>aptate</span> <span class='ocrx_word' id='word_1_22' title='bbox 649 650 724 707; x_wconf 88' lang='lat' dir='ltr'>meis</span> 
     </span>
     <span class='ocr_line' id='line_1_6' title="bbox 190 731 774 813; baseline -0.009 -18"><span class='ocrx_word' id='word_1_23' title='bbox 190 742 398 813; x_wconf 80' lang='lat' dir='ltr'>resonetque</span> <span class='ocrx_word' id='word_1_24' title='bbox 416 732 499 794; x_wconf 85' lang='lat' dir='ltr'>malis</span> <span class='ocrx_word' id='word_1_25' title='bbox 515 750 620 810; x_wconf 79' lang='lat' dir='ltr'>aspera</span> <span class='ocrx_word' id='word_1_26' title='bbox 635 731 774 807; x_wconf 72' lang='lat' dir='ltr'>Trachin.</span> 
     </span>
    </p>
   </div>
   <div class='ocr_carea' id='block_1_3' title="bbox 132 901 831 1910">
    <p class='ocr_par' dir='ltr' id='par_1_5' title="bbox 132 901 831 1910">
     <span class='ocr_line' id='line_1_7' title="bbox 132 901 776 983; baseline -0.009 -17"><span class='ocrx_word' id='word_1_27' title='bbox 132 901 148 921; x_wconf 86' lang='lat'>&#39;&#39;</span> <span class='ocrx_word' id='word_1_28' title='bbox 236 904 358 983; x_wconf 79' lang='lat' dir='ltr'>Cyprias</span> <span class='ocrx_word' id='word_1_29' title='bbox 373 901 510 963; x_wconf 79' lang='lat' dir='ltr'>lacrimas</span> <span class='ocrx_word' id='word_1_30' title='bbox 526 901 644 980; x_wconf 81' lang='lat' dir='ltr'><strong>Myrrha</strong></span> <span class='ocrx_word' id='word_1_31' title='bbox 662 908 776 969; x_wconf 82' lang='lat' dir='ltr'>tuetur,</span> 
     </span>
     <span class='ocr_line' id='line_1_8' title="bbox 189 986 746 1067; baseline -0.009 -19"><span class='ocrx_word' id='word_1_32' title='bbox 189 996 305 1067; x_wconf 82' lang='lat' dir='ltr'>raptum</span> <span class='ocrx_word' id='word_1_33' title='bbox 323 989 453 1047; x_wconf 85' lang='lat' dir='ltr'>coniunx</span> <span class='ocrx_word' id='word_1_34' title='bbox 469 986 562 1065; x_wconf 80' lang='lat' dir='ltr'>Ceyca</span> <span class='ocrx_word' id='word_1_35' title='bbox 579 986 685 1064; x_wconf 78' lang='lat' dir='ltr'>gemit,</span> <span class='ocrx_word' id='word_1_36' title='bbox 740 1021 746 1031; x_wconf 86' lang='lat'><strong>·</strong></span> 
     </span>
     <span class='ocr_line' id='line_1_9' title="bbox 190 1070 722 1149; baseline -0.008 -16"><span class='ocrx_word' id='word_1_37' title='bbox 190 1072 245 1134; x_wconf 90' lang='lat' dir='ltr'>sibi</span> <span class='ocrx_word' id='word_1_38' title='bbox 260 1070 391 1132; x_wconf 84' lang='lat' dir='ltr'>Tantalis</span> <span class='ocrx_word' id='word_1_39' title='bbox 404 1079 449 1132; x_wconf 90' lang='lat' dir='ltr'>est</span> <span class='ocrx_word' id='word_1_40' title='bbox 463 1072 539 1131; x_wconf 80' lang='lat' dir='ltr'>faeta</span> <span class='ocrx_word' id='word_1_41' title='bbox 556 1080 722 1149; x_wconf 88' lang='lat' dir='ltr'>superstes,</span> 
     </span>
     <span class='ocr_line' id='line_1_10' title="bbox 190 1154 643 1233; baseline -0.007 -17"><span class='ocrx_word' id='word_1_42' title='bbox 190 1157 265 1233; x_wconf 79' lang='lat' dir='ltr'>sugit</span> <span class='ocrx_word' id='word_1_43' title='bbox 279 1155 380 1217; x_wconf 85' lang='lat' dir='ltr'>uuttus</span> <span class='ocrx_word' id='word_1_44' title='bbox 394 1154 556 1216; x_wconf 80' lang='lat' dir='ltr'>Philomela</span> <span class='ocrx_word' id='word_1_45' title='bbox 572 1173 643 1217; x_wconf 87' lang='lat' dir='ltr'>suos</span> 
     </span>
     <span class='ocr_line' id='line_1_11' title="bbox 190 1239 713 1319; baseline -0.006 -17"><span class='ocrx_word' id='word_1_46' title='bbox 190 1249 350 1319; x_wconf 82' lang='lat' dir='ltr'>natumque</span> <span class='ocrx_word' id='word_1_47' title='bbox 365 1248 473 1300; x_wconf 84' lang='lat' dir='ltr'>sonat</span> <span class='ocrx_word' id='word_1_48' title='bbox 487 1239 594 1300; x_wconf 72' lang='lat' dir='ltr'>flebitis</span> <span class='ocrx_word' id='word_1_49' title='bbox 608 1239 713 1301; x_wconf 78' lang='lat' dir='ltr'><strong>Atthis,</strong></span> 
     </span>
     <span class='ocr_line' id='line_1_12' title="bbox 190 1324 472 1385; baseline -0.007 0"><span class='ocrx_word' id='word_1_50' title='bbox 190 1343 244 1385; x_wconf 84' lang='lat' dir='ltr'>cur</span> <span class='ocrx_word' id='word_1_51' title='bbox 260 1343 325 1385; x_wconf 84' lang='lat' dir='ltr'>mea</span> <span class='ocrx_word' id='word_1_52' title='bbox 340 1324 472 1384; x_wconf 87' lang='lat' dir='ltr'>nondum</span> 
     </span>
     <span class='ocr_line' id='line_1_13' title="bbox 190 1406 767 1486; baseline -0.005 -17"><span class='ocrx_word' id='word_1_53' title='bbox 190 1411 309 1486; x_wconf 82' lang='lat' dir='ltr'>capiunt</span> <span class='ocrx_word' id='word_1_54' title='bbox 324 1406 462 1469; x_wconf 80' lang='lat' dir='ltr'>uolucres</span> <span class='ocrx_word' id='word_1_55' title='bbox 477 1407 615 1469; x_wconf 83' lang='lat' dir='ltr'>bracchia</span> <span class='ocrx_word' id='word_1_56' title='bbox 631 1407 767 1486; x_wconf 78' lang='lat' dir='ltr'>plumas?</span> 
     </span>
     <span class='ocr_line' id='line_1_14' title="bbox 189 1492 344 1554; baseline -0.006 0"><span class='ocrx_word' id='word_1_57' title='bbox 189 1493 258 1554; x_wconf 79' lang='lat' dir='ltr'>felix</span> <span class='ocrx_word' id='word_1_58' title='bbox 274 1492 344 1553; x_wconf 79' lang='lat' dir='ltr'>felix</span> 
     </span>
     <span class='ocr_line' id='line_1_15' title="bbox 190 1577 739 1639; baseline -0.007 -1"><span class='ocrx_word' id='word_1_59' title='bbox 190 1596 257 1639; x_wconf 81' lang='lat' dir='ltr'>eum</span> <span class='ocrx_word' id='word_1_60' title='bbox 274 1577 371 1638; x_wconf 87' lang='lat' dir='ltr'>silue</span> <span class='ocrx_word' id='word_1_61' title='bbox 388 1578 493 1638; x_wconf 86' lang='lat' dir='ltr'>domus</span> <span class='ocrx_word' id='word_1_62' title='bbox 508 1583 610 1637; x_wconf 79' lang='lat' dir='ltr'>nostre</span> <span class='ocrx_word' id='word_1_63' title='bbox 625 1577 739 1637; x_wconf 79' lang='lat' dir='ltr'>feretur</span> 
     </span>
     <span class='ocr_line' id='line_1_16' title="bbox 188 1660 695 1742; baseline -0.008 -18"><span class='ocrx_word' id='word_1_64' title='bbox 188 1663 344 1742; x_wconf 80' lang='lat' dir='ltr'>patrioque</span> <span class='ocrx_word' id='word_1_65' title='bbox 360 1662 466 1723; x_wconf 87' lang='lat' dir='ltr'>sedens</span> <span class='ocrx_word' id='word_1_66' title='bbox 481 1660 560 1722; x_wconf 81' lang='lat' dir='ltr'>eles</span> <span class='ocrx_word' id='word_1_67' title='bbox 577 1662 606 1721; x_wconf 87' lang='lat' dir='ltr'>in</span> <span class='ocrx_word' id='word_1_68' title='bbox 623 1679 695 1737; x_wconf 80' lang='lat' dir='ltr'>agro</span> 
     </span>
     <span class='ocr_line' id='line_1_17' title="bbox 188 1744 727 1827; baseline -0.006 -20"><span class='ocrx_word' id='word_1_69' title='bbox 188 1747 317 1814; x_wconf 80' lang='lat' dir='ltr'>reseram</span> <span class='ocrx_word' id='word_1_70' title='bbox 333 1744 457 1827; x_wconf 82' lang='lat' dir='ltr'>querulo</span> <span class='ocrx_word' id='word_1_71' title='bbox 473 1764 627 1807; x_wconf 82' lang='lat' dir='ltr'>murmure</span> <span class='ocrx_word' id='word_1_72' title='bbox 642 1762 727 1806; x_wconf 86' lang='lat' dir='ltr'>cesus</span> 
     </span>
     <span class='ocr_line' id='line_1_18' title="bbox 187 1830 831 1910; baseline -0.006 -18"><span class='ocrx_word' id='word_1_73' title='bbox 187 1830 456 1910; x_wconf 84' lang='lat' dir='ltr'>uetueremque</span> <span class='ocrx_word' id='word_1_74' title='bbox 472 1830 575 1893; x_wconf 82' lang='lat' dir='ltr'>loten</span> <span class='ocrx_word' id='word_1_75' title='bbox 591 1830 667 1891; x_wconf 81' lang='lat' dir='ltr'>fama</span> <span class='ocrx_word' id='word_1_76' title='bbox 684 1830 831 1908; x_wconf 75' lang='lat' dir='ltr'>loquetur.</span> 
     </span>
    </p>
   </div>
   <div class='ocr_carea' id='block_1_4' title="bbox 233 2000 373 2061">
    <p class='ocr_par' dir='ltr' id='par_1_6' title="bbox 233 2000 373 2061">
     <span class='ocr_line' id='line_1_19' title="bbox 233 2000 373 2061; baseline 0 -2"><span class='ocrx_word' id='word_1_77' title='bbox 233 2001 297 2061; x_wconf 88' lang='lat' dir='ltr'>Vidi</span> <span class='ocrx_word' id='word_1_78' title='bbox 312 2000 373 2061; x_wconf 80' lang='lat' dir='ltr'>uidi</span> 
     </span>
    </p>
   </div>
   <div class='ocr_carea' id='block_1_5' title="bbox 189 2084 756 2499">
    <p class='ocr_par' dir='ltr' id='par_1_7' title="bbox 189 2084 723 2247">
     <span class='ocr_line' id='line_1_20' title="bbox 189 2084 723 2161; baseline -0.004 -17"><span class='ocrx_word' id='word_1_79' title='bbox 189 2084 356 2146; x_wconf 82' lang='lat' dir='ltr'>miserande</span> <span class='ocrx_word' id='word_1_80' title='bbox 372 2085 430 2144; x_wconf 87' lang='lat' dir='ltr'>mei</span> <span class='ocrx_word' id='word_1_81' title='bbox 446 2084 521 2144; x_wconf 80' lang='lat' dir='ltr'>sate</span> <span class='ocrx_word' id='word_1_82' title='bbox 537 2084 723 2161; x_wconf 80' lang='lat' dir='ltr'>parentis,</span> 
     </span>
     <span class='ocr_line' id='line_1_21' title="bbox 190 2166 624 2247; baseline 0 -20"><span class='ocrx_word' id='word_1_83' title='bbox 190 2187 257 2228; x_wconf 87' lang='lat' dir='ltr'>cum</span> <span class='ocrx_word' id='word_1_84' title='bbox 272 2167 390 2229; x_wconf 77' lang='lat' dir='ltr'>letifero</span> <span class='ocrx_word' id='word_1_85' title='bbox 406 2170 506 2247; x_wconf 83' lang='lat' dir='ltr'>stipite</span> <span class='ocrx_word' id='word_1_86' title='bbox 521 2166 624 2245; x_wconf 88' lang='lat' dir='ltr'>pulsus</span> 
     </span>
    </p>

    <p class='ocr_par' dir='ltr' id='par_1_8' title="bbox 189 2251 630 2335">
     <span class='ocr_line' id='line_1_22' title="bbox 189 2251 630 2335; baseline -0.005 -22"><span class='ocrx_word' id='word_1_87' title='bbox 189 2261 248 2314; x_wconf 82' lang='lat' dir='ltr'>tote</span> <span class='ocrx_word' id='word_1_88' title='bbox 265 2254 354 2313; x_wconf 81' lang='lat' dir='ltr'>iacuit</span> <span class='ocrx_word' id='word_1_89' title='bbox 368 2270 489 2329; x_wconf 84' lang='lat' dir='ltr'>sparsus</span> <span class='ocrx_word' id='word_1_90' title='bbox 504 2253 533 2310; x_wconf 86' lang='lat' dir='ltr'>in</span> <span class='ocrx_word' id='word_1_91' title='bbox 549 2251 630 2335; x_wconf 53' lang='lat' dir='ltr'>auls</span> 
     </span>
    </p>

    <p class='ocr_par' dir='ltr' id='par_1_9' title="bbox 189 2335 756 2499">
     <span class='ocr_line' id='line_1_23' title="bbox 190 2335 700 2414; baseline -0.002 -18"><span class='ocrx_word' id='word_1_92' title='bbox 190 2354 244 2414; x_wconf 80' lang='lat' dir='ltr'>pro</span> <span class='ocrx_word' id='word_1_93' title='bbox 260 2338 285 2396; x_wconf 86' lang='lat' dir='ltr'>si</span> <span class='ocrx_word' id='word_1_94' title='bbox 301 2335 445 2397; x_wconf 77' lang='lat' dir='ltr'>tumulum</span> <span class='ocrx_word' id='word_1_95' title='bbox 458 2335 520 2397; x_wconf 69' lang='lat' dir='ltr'>fata</span> <span class='ocrx_word' id='word_1_96' title='bbox 536 2336 700 2405; x_wconf 86' lang='lat' dir='ltr'>dedissent,</span> 
     </span>
     <span class='ocr_line' id='line_1_24' title="bbox 189 2419 756 2499; baseline -0.005 -17"><span class='ocrx_word' id='word_1_97' title='bbox 189 2423 326 2499; x_wconf 84' lang='lat' dir='ltr'>quotiens</span> <span class='ocrx_word' id='word_1_98' title='bbox 341 2422 459 2497; x_wconf 82' lang='lat' dir='ltr'>genitor</span> <span class='ocrx_word' id='word_1_99' title='bbox 476 2419 664 2497; x_wconf 81' lang='lat' dir='ltr'>quaerendus</span> <span class='ocrx_word' id='word_1_100' title='bbox 680 2437 756 2479; x_wconf 83' lang='lat' dir='ltr'>eras.</span> 
     </span>
    </p>
   </div>
   <div class='ocr_carea' id='block_1_6' title="bbox 132 2589 724 2749">
    <p class='ocr_par' dir='ltr' id='par_1_10' title="bbox 132 2589 724 2749">
     <span class='ocr_line' id='line_1_25' title="bbox 132 2589 724 2666; baseline -0.002 -17"><span class='ocrx_word' id='word_1_101' title='bbox 132 2593 138 2612; x_wconf 87' lang='lat'><em>&#39;</em></span> <span class='ocrx_word' id='word_1_102' title='bbox 234 2589 359 2650; x_wconf 86' lang='lat' dir='ltr'>Potuine</span> <span class='ocrx_word' id='word_1_103' title='bbox 374 2596 454 2649; x_wconf 83' lang='lat' dir='ltr'>tuam</span> <span class='ocrx_word' id='word_1_104' title='bbox 470 2595 605 2666; x_wconf 80' lang='lat' dir='ltr'>spectare</span> <span class='ocrx_word' id='word_1_105' title='bbox 620 2604 724 2649; x_wconf 84' lang='lat' dir='ltr'>necem</span> 
     </span>
     <span class='ocr_line' id='line_1_26' title="bbox 189 2674 684 2749; baseline -0.004 -15"><span class='ocrx_word' id='word_1_106' title='bbox 189 2675 320 2736; x_wconf 84' lang='lat' dir='ltr'><strong>nondum</strong></span> <span class='ocrx_word' id='word_1_107' title='bbox 336 2681 454 2734; x_wconf 75' lang='lat' dir='ltr'>teneres</span> <span class='ocrx_word' id='word_1_108' title='bbox 470 2674 575 2734; x_wconf 80' lang='lat' dir='ltr'>uestite</span> <span class='ocrx_word' id='word_1_109' title='bbox 592 2689 684 2749; x_wconf 80' lang='lat' dir='ltr'>genas</span> 
     </span>
    </p>
   </div>
   <div class='ocr_carea' id='block_1_7' title="bbox 145 2886 351 2896">
    <p class='ocr_par' dir='ltr' id='par_1_11' title="bbox 145 2886 351 2896">
     <span class='ocr_line' id='line_1_27' title="bbox 145 2886 351 2896; baseline -0.01 0"><span class='ocrx_word' id='word_1_110' title='bbox 145 2886 351 2896; x_wconf 77' lang='lat'>--—-—-—-</span> 
     </span>
    </p>
   </div>
   <div class='ocr_carea' id='block_1_8' title="bbox 133 3020 1066 3233">
    <p class='ocr_par' dir='ltr' id='par_1_12' title="bbox 133 3020 1066 3233">
     <span class='ocr_line' id='line_1_28' title="bbox 133 3020 1066 3095; baseline -0.002 -13"><span class='ocrx_word' id='word_1_111' title='bbox 133 3020 144 3034; x_wconf 72' lang='grc'><strong><em>’</em></strong></span> <span class='ocrx_word' id='word_1_112' title='bbox 213 3033 262 3082; x_wconf 83' lang='grc'>102</span> <span class='ocrx_word' id='word_1_113' title='bbox 288 3030 402 3081; x_wconf 81' lang='lat' dir='ltr'>edonias</span> <span class='ocrx_word' id='word_1_114' title='bbox 420 3028 471 3080; x_wconf 83' lang='lat' dir='ltr'>EA</span> <span class='ocrx_word' id='word_1_115' title='bbox 502 3027 605 3079; x_wconf 83' lang='lat' dir='ltr'>edonas</span> <span class='ocrx_word' id='word_1_116' title='bbox 623 3028 678 3079; x_wconf 87' lang='lat' dir='ltr'>Et.</span> <span class='ocrx_word' id='word_1_117' title='bbox 694 3032 772 3081; x_wconf 81' lang='lat' dir='ltr'><strong><em>Gron.</em></strong></span> <span class='ocrx_word' id='word_1_118' title='bbox 801 3026 814 3095; x_wconf 82' lang='lat' dir='ltr'>[l</span> <span class='ocrx_word' id='word_1_119' title='bbox 842 3028 980 3095; x_wconf 85' lang='lat' dir='ltr'>poniteE</span> <span class='ocrx_word' id='word_1_120' title='bbox 1011 3028 1066 3080; x_wconf 86' lang='lat' dir='ltr'>tol·</span> 
     </span>
     <span class='ocr_line' id='line_1_29' title="bbox 143 3093 1065 3164; baseline -0.003 -15"><span class='ocrx_word' id='word_1_121' title='bbox 143 3099 195 3149; x_wconf 86' lang='lat' dir='ltr'>lite</span> <span class='ocrx_word' id='word_1_122' title='bbox 214 3100 238 3149; x_wconf 90' lang='lat' dir='ltr'><em>A</em></span> <span class='ocrx_word' id='word_1_123' title='bbox 262 3094 274 3164; x_wconf 73' lang='grc'>11</span> <span class='ocrx_word' id='word_1_124' title='bbox 298 3100 347 3149; x_wconf 83' lang='grc'>103</span> <span class='ocrx_word' id='word_1_125' title='bbox 367 3097 475 3148; x_wconf 76' lang='lat' dir='ltr'>daulias</span> <span class='ocrx_word' id='word_1_126' title='bbox 493 3096 544 3146; x_wconf 90' lang='lat' dir='ltr'>EA</span> <span class='ocrx_word' id='word_1_127' title='bbox 564 3095 682 3147; x_wconf 78' lang='lat' dir='ltr'>daunias</span> <span class='ocrx_word' id='word_1_128' title='bbox 699 3106 723 3162; x_wconf 79' lang='grc' dir='ltr'><strong><em>ψ</em></strong></span> <span class='ocrx_word' id='word_1_129' title='bbox 743 3093 755 3164; x_wconf 77' lang='grc' dir='ltr'>ΙΙ</span> <span class='ocrx_word' id='word_1_130' title='bbox 780 3099 828 3147; x_wconf 80' lang='grc'>197</span> <span class='ocrx_word' id='word_1_131' title='bbox 848 3097 951 3162; x_wconf 80' lang='lat' dir='ltr'><strong>Cypria</strong></span> <span class='ocrx_word' id='word_1_132' title='bbox 968 3096 993 3145; x_wconf 90' lang='lat' dir='ltr'><em>E</em></span> <span class='ocrx_word' id='word_1_133' title='bbox 1013 3096 1065 3162; x_wconf 83' lang='lat' dir='ltr'>Cy·</span> 
     </span>
     <span class='ocr_line' id='line_1_30' title="bbox 144 3161 1061 3233; baseline -0.002 -16"><span class='ocrx_word' id='word_1_134' title='bbox 144 3167 221 3232; x_wconf 83' lang='lat' dir='ltr'>prias</span> <span class='ocrx_word' id='word_1_135' title='bbox 233 3167 257 3216; x_wconf 98' lang='lat' dir='ltr'><em>A</em></span> <span class='ocrx_word' id='word_1_136' title='bbox 270 3162 283 3233; x_wconf 79' lang='lat' dir='ltr'>ll</span> <span class='ocrx_word' id='word_1_137' title='bbox 294 3165 403 3231; x_wconf 78' lang='lat' dir='ltr'>myrtha</span> <span class='ocrx_word' id='word_1_138' title='bbox 415 3164 440 3213; x_wconf 89' lang='lat' dir='ltr'><em>E</em></span> <span class='ocrx_word' id='word_1_139' title='bbox 452 3161 526 3231; x_wconf 78' lang='lat'>[1200</span> <span class='ocrx_word' id='word_1_140' title='bbox 537 3164 669 3229; x_wconf 84' lang='lat' dir='ltr'>fylomela</span> <span class='ocrx_word' id='word_1_141' title='bbox 683 3166 707 3214; x_wconf 86' lang='lat' dir='ltr'><em>E</em></span> <span class='ocrx_word' id='word_1_142' title='bbox 719 3165 878 3231; x_wconf 81' lang='lat' dir='ltr'>philomena</span> <span class='ocrx_word' id='word_1_143' title='bbox 890 3173 914 3229; x_wconf 79' lang='grc' dir='ltr'><strong><em>ψ</em></strong></span> <span class='ocrx_word' id='word_1_144' title='bbox 927 3181 997 3215; x_wconf 80' lang='lat' dir='ltr'><strong><em>corr.</em></strong></span> <span class='ocrx_word' id='word_1_145' title='bbox 1011 3181 1029 3215; x_wconf 85' lang='grc' dir='ltr'><strong>α</strong></span> <span class='ocrx_word' id='word_1_146' title='bbox 1049 3165 1061 3227; x_wconf 95' lang='grc' dir='ltr'>ΙΙ</span> 
     </span>
    </p>
   </div>
   <div class='ocr_carea' id='block_1_9' title="bbox 143 3243 1063 3604">
    <p class='ocr_par' dir='ltr' id='par_1_13' title="bbox 143 3243 1063 3604">
     <span class='ocr_line' id='line_1_31' title="bbox 145 3243 1062 3335; baseline -0.003 -17"><span class='ocrx_word' id='word_1_147' title='bbox 145 3270 195 3319; x_wconf 89' lang='grc'>201</span> <span class='ocrx_word' id='word_1_148' title='bbox 221 3267 304 3319; x_wconf 83' lang='lat' dir='ltr'>atthis</span> <span class='ocrx_word' id='word_1_149' title='bbox 322 3269 347 3319; x_wconf 81' lang='grc' dir='ltr'><em>Ε</em></span> <span class='ocrx_word' id='word_1_150' title='bbox 376 3268 449 3330; x_wconf 87' lang='lat' dir='ltr'>Itym</span> <span class='ocrx_word' id='word_1_151' title='bbox 467 3267 492 3316; x_wconf 92' lang='lat' dir='ltr'><em>A</em></span> <span class='ocrx_word' id='word_1_152' title='bbox 521 3262 534 3329; x_wconf 81' lang='lat' dir='ltr'>H</span> <span class='ocrx_word' id='word_1_153' title='bbox 562 3268 612 3316; x_wconf 88' lang='grc'>206</span> <span class='ocrx_word' id='word_1_154' title='bbox 631 3243 711 3335; x_wconf 62' lang='grc' dir='ltr'>εᾳάἓε</span> <span class='ocrx_word' id='word_1_155' title='bbox 731 3266 755 3314; x_wconf 84' lang='grc' dir='ltr'><em>Ε</em></span> <span class='ocrx_word' id='word_1_156' title='bbox 783 3262 795 3331; x_wconf 73' lang='grc' dir='ltr'>Η</span> <span class='ocrx_word' id='word_1_157' title='bbox 828 3269 877 3317; x_wconf 82' lang='grc'>207</span> <span class='ocrx_word' id='word_1_158' title='bbox 897 3281 978 3316; x_wconf 79' lang='lat' dir='ltr'>casus</span> <span class='ocrx_word' id='word_1_159' title='bbox 996 3265 1062 3315; x_wconf 70' lang='lat' dir='ltr'>EM)</span> 
     </span>
     <span class='ocr_line' id='line_1_32' title="bbox 145 3332 1062 3402; baseline -0.002 -18"><span class='ocrx_word' id='word_1_160' title='bbox 145 3339 260 3400; x_wconf 84' lang='lat' dir='ltr'>questus</span> <span class='ocrx_word' id='word_1_161' title='bbox 278 3337 304 3385; x_wconf 92' lang='lat' dir='ltr'><em>A</em></span> <span class='ocrx_word' id='word_1_162' title='bbox 325 3338 336 3402; x_wconf 71' lang='lat' dir='ltr'>tl</span> <span class='ocrx_word' id='word_1_163' title='bbox 356 3336 406 3387; x_wconf 86' lang='grc'>208</span> <span class='ocrx_word' id='word_1_164' title='bbox 424 3336 500 3385; x_wconf 78' lang='lat' dir='ltr'>seme</span> <span class='ocrx_word' id='word_1_165' title='bbox 517 3334 544 3383; x_wconf 87' lang='lat' dir='ltr'><em>E</em></span> <span class='ocrx_word' id='word_1_166' title='bbox 561 3337 602 3384; x_wconf 81' lang='lat' dir='ltr'>‘in</span> <span class='ocrx_word' id='word_1_167' title='bbox 620 3340 689 3385; x_wconf 84' lang='lat' dir='ltr'>meo’</span> <span class='ocrx_word' id='word_1_168' title='bbox 709 3335 814 3398; x_wconf 76' lang='lat' dir='ltr'>Lipsius</span> <span class='ocrx_word' id='word_1_169' title='bbox 838 3333 918 3398; x_wconf 77' lang='lat' dir='ltr'><em>(quod</em></span> <span class='ocrx_word' id='word_1_170' title='bbox 935 3335 967 3384; x_wconf 84' lang='lat' dir='ltr'>de</span> <span class='ocrx_word' id='word_1_171' title='bbox 987 3332 1062 3382; x_wconf 84' lang='lat' dir='ltr'>Orte·</span> 
     </span>
     <span class='ocr_line' id='line_1_33' title="bbox 144 3400 1061 3468; baseline -0.003 -15"><span class='ocrx_word' id='word_1_172' title='bbox 144 3407 215 3453; x_wconf 81' lang='lat' dir='ltr'>tiano</span> <span class='ocrx_word' id='word_1_173' title='bbox 238 3418 286 3468; x_wconf 85' lang='lat' dir='ltr'>quo</span> <span class='ocrx_word' id='word_1_174' title='bbox 310 3405 386 3454; x_wconf 83' lang='lat' dir='ltr'>etiam</span> <span class='ocrx_word' id='word_1_175' title='bbox 407 3404 596 3468; x_wconf 71' lang='lat' dir='ltr'>Bapltetenyius</span> <span class='ocrx_word' id='word_1_176' title='bbox 618 3409 658 3451; x_wconf 82' lang='lat' dir='ltr'>eet</span> <span class='ocrx_word' id='word_1_177' title='bbox 679 3417 750 3459; x_wconf 78' lang='lat' dir='ltr'>usus,</span> <span class='ocrx_word' id='word_1_178' title='bbox 774 3416 824 3451; x_wconf 82' lang='lat' dir='ltr'>nen</span> <span class='ocrx_word' id='word_1_179' title='bbox 847 3403 878 3451; x_wconf 82' lang='lat' dir='ltr'>de</span> <span class='ocrx_word' id='word_1_180' title='bbox 902 3400 941 3450; x_wconf 76' lang='lat' dir='ltr'>‚te</span> <span class='ocrx_word' id='word_1_181' title='bbox 964 3402 1061 3450; x_wconf 82' lang='lat' dir='ltr'>intelte-</span> 
     </span>
     <span class='ocr_line' id='line_1_34' title="bbox 143 3465 1063 3536; baseline -0.005 -15"><span class='ocrx_word' id='word_1_182' title='bbox 143 3470 264 3535; x_wconf 73' lang='lat' dir='ltr'>9endum)</span> <span class='ocrx_word' id='word_1_183' title='bbox 283 3471 365 3521; x_wconf 80' lang='lat' dir='ltr'>turba</span> <span class='ocrx_word' id='word_1_184' title='bbox 382 3472 407 3521; x_wconf 87' lang='lat' dir='ltr'><em>A</em></span> <span class='ocrx_word' id='word_1_185' title='bbox 429 3468 440 3536; x_wconf 80' lang='grc' dir='ltr'>ΙΙ</span> <span class='ocrx_word' id='word_1_186' title='bbox 460 3472 510 3521; x_wconf 83' lang='grc'>210</span> <span class='ocrx_word' id='word_1_187' title='bbox 528 3473 605 3522; x_wconf 81' lang='lat' dir='ltr'>fama</span> <span class='ocrx_word' id='word_1_188' title='bbox 623 3469 648 3518; x_wconf 89' lang='lat' dir='ltr'><em>E</em></span> <span class='ocrx_word' id='word_1_189' title='bbox 667 3470 728 3520; x_wconf 80' lang='lat' dir='ltr'>fata</span> <span class='ocrx_word' id='word_1_190' title='bbox 747 3470 771 3519; x_wconf 92' lang='lat' dir='ltr'><em>A</em></span> <span class='ocrx_word' id='word_1_191' title='bbox 789 3465 800 3535; x_wconf 74' lang='grc' dir='ltr'>Η</span> <span class='ocrx_word' id='word_1_192' title='bbox 821 3470 870 3518; x_wconf 87' lang='grc'>211</span> <span class='ocrx_word' id='word_1_193' title='bbox 888 3468 1019 3519; x_wconf 84' lang='lat' dir='ltr'>laetifero</span> <span class='ocrx_word' id='word_1_194' title='bbox 1039 3468 1063 3516; x_wconf 86' lang='lat' dir='ltr'><em>E</em></span> 
     </span>
     <span class='ocr_line' id='line_1_35' title="bbox 145 3534 816 3604; baseline -0.004 -16"><span class='ocrx_word' id='word_1_195' title='bbox 145 3537 258 3588; x_wconf 85' lang='lat' dir='ltr'>letifero</span> <span class='ocrx_word' id='word_1_196' title='bbox 278 3539 303 3587; x_wconf 91' lang='lat' dir='ltr'><em>A</em></span> <span class='ocrx_word' id='word_1_197' title='bbox 321 3539 451 3589; x_wconf 81' lang='lat' dir='ltr'>luctifero</span> <span class='ocrx_word' id='word_1_198' title='bbox 470 3539 493 3587; x_wconf 81' lang='lat' dir='ltr'><em>R</em></span> <span class='ocrx_word' id='word_1_199' title='bbox 515 3536 527 3604; x_wconf 68' lang='lat' dir='ltr'>tt</span> <span class='ocrx_word' id='word_1_200' title='bbox 551 3540 600 3587; x_wconf 87' lang='grc'>213</span> <span class='ocrx_word' id='word_1_201' title='bbox 618 3538 671 3587; x_wconf 82' lang='lat' dir='ltr'>Pro</span> <span class='ocrx_word' id='word_1_202' title='bbox 690 3554 737 3589; x_wconf 88' lang='lat' dir='ltr'>om.</span> <span class='ocrx_word' id='word_1_203' title='bbox 755 3536 780 3585; x_wconf 88' lang='lat' dir='ltr'><em>E</em></span> <span class='ocrx_word' id='word_1_204' title='bbox 804 3534 816 3602; x_wconf 81' lang='grc' dir='ltr'>ΙΙ</span> 
     </span>
    </p>
   </div>
   <div class='ocr_carea' id='block_1_10' title="bbox 0 0 1292 4044">
    <p class='ocr_par' dir='ltr' id='par_1_14' title="bbox 0 0 1292 4044">
     <span class='ocr_line' id='line_1_36' title="bbox 0 0 1292 4044; baseline 0 0"><span class='ocrx_word' id='word_1_205' title='bbox 0 0 1292 4044; x_wconf 95' lang='lat' dir='ltr'> </span> 
     </span>
    </p>
   </div>
  </div>
 </body>
</html>
