2504 4040
569 273 692 319 Munus

170 420 200 474 te
215 416 273 484 iam
289 411 416 472 miseriis
431 410 572 488 angulum
590 429 624 471 ae
640 412 739 472 sedem
756 429 829 488 rogo

169 496 358 574 latebrasque
373 496 456 556 uiles.
487 496 562 556 urbe
578 499 603 556 si
619 496 688 575 pelli
704 494 800 573 placet

171 581 256 642 detur
272 589 403 641 remotus
418 578 523 658 aliquis
539 582 568 640 in
584 583 684 658 reguis
699 580 792 641 locus.

135 669 163 728 ‹1'
215 679 267 727 cu.
291 664 357 726 Non
373 683 438 725 esse
454 683 501 725 me
518 666 567 743 qui
583 673 699 743 sceptra
717 665 863 725 uiolentus
878 683 978 742 geram

170 769 225 810 nee
241 751 291 829 qui
305 748 437 828 superbo
453 751 587 810 miserias
603 750 713 810 calcem
730 749 821 827 pede.

169 842 291 896 testatus
307 834 444 912 equidem
461 835 564 894 uideor
580 835 651 895 haut
667 833 747 894 clare
763 852 868 912 parum

64 974 67 979 a
169 936 346 997 generum
363 917 479 978 exulem
496 920 622 996 legendo
639 928 667 979 et
682 918 831 980 addictum
848 928 877 980 et
892 922 975 997 graui

168 1012 284 1066 terrore
300 1002 439 1081 pauidum
456 1006 565 1084 quippe
582 1023 668 1081 quem
683 1022 797 1083 poenae
814 1007 923 1082 expetit

169 1088 289 1166 letoque
303 1093 427 1149 Acastus
441 1105 534 1167 regna
550 1089 706 1149 thessalica
723 1091 870 1167 optinens.

134 1186 148 1236 f
212 1174 300 1234 Senio
316 1181 493 1234 trementem
510 1174 598 1234 debili
614 1181 702 1252 atque
717 1191 792 1233 aeuo
809 1190 931 1248 grauem

166 1266 280 1338 patrem
297 1265 483 1336 peremptum
500 1260 634 1335 queritur
650 1265 679 1318 et
695 1260 772 1317 caesi
788 1259 866 1318 senis

167 1344 286 1404 discissa
303 1341 452 1411 membra,
471 1361 536 1403 cum
554 1342 622 1403 dolo
639 1349 741 1421 captae
757 1350 809 1402 tuo

166 1429 232 1506 piae
247 1444 367 1488 sorores
382 1427 495 1504 inpium
511 1427 656 1488 auderent
671 1425 763 1487 nolas.

130 1514 153 1573 f'
207 1513 309 1572 Potest
324 1511 425 1579 lason,
441 1513 466 1571 si
482 1518 562 1572 tuam
579 1528 696 1572 causam
714 1529 855 1580 amouesa

165 1615 249 1657 suem
264 1597 356 1656 tueri:
381 1595 479 1656 nullus
495 1597 656 1657 innocuum
673 1612 764 1656 cruor

166 1681 391 1754 contaminauit,
410 1682 481 1742 aluit
496 1682 577 1741 lerro
593 1698 700 1741 manus

164 1764 329 1844 proculque
345 1773 445 1825 uestro
461 1784 585 1845 purusa
602 1773 689 1826 coetu
705 1767 794 1826 stetit.

129 1861 147 1911 d
208 1846 967 1920 Tutumalorummachioatrixfacinorum,

166 1936 212 1994 eui
229 1930 354 1994 le'mluea
371 1937 499 2013 nequitia
514 1935 550 1994 ad
568 1935 700 1996 audenda
718 1936 814 1993 omnia

165 2017 258 2078 robur
274 2018 359 2078 uirile
376 2027 434 2089 est,
451 2019 530 2080 nulla
545 2019 640 2080 lamae
655 2021 813 2088 memoria,

163 2103 309 2180 egredere
325 2120 417 2182 purga
434 2122 524 2180 regna
541 2102 642 2164 letales
658 2101 744 2163 simul

164 2195 261 2248 tecum
277 2188 361 2258 auler
377 2188 495 2249 herbas
526 2187 619 2249 libera
637 2190 718 2250 ciues
734 2195 823 2248 metu.

164 2271 220 2331 alia
236 2272 343 2333 sedens
360 2271 465 2334 tellure
481 2272 602 2332 sollicita
619 2272 698 2332 deos.

131 2383 146 2419 e
207 2370 292 2417 Mun.
317 2354 481 2435 Profugere
498 2357 595 2434 cogis?
618 2355 710 2416 redde
725 2357 850 2432 fugienti
865 2364 958 2417 ratem

99 2441 214 2502 uel
229 2441 344 2502 redde
360 2444 543 2501 comitem
576 2441 678 2536 lugere
694 2458 747 2500 cur
763 2440 856 2501 solam
873 2441 975 2503 iubes?

163 2542 222 2584 non
239 2525 300 2586 sola
317 2528 394 2586 ueni.
426 2525 543 2586 bella
520 2545 544 2586 sr
559 2526 666 2587 metuis
681 2527 757 2602 pati:

162 2616 321 2689 utrumque
338 2628 430 2688 regno
446 2610 532 2690 pelle.
566 2629 619 2672 cur
634 2620 734 2670 sontes
751 2610 825 2671 duos

163 2694 336 2772 distinguis?
358 2696 399 2757 llll
415 2696 493 2756 Pelia
511 2714 581 2755 noo
598 2695 706 2755 nobis
722 2696 806 2755 iacet.

230 2916 279 2964 2le
302 2921 377 2965 terre
400 2916 453 2965 hae
472 2915 496 2964 A
527 2918 630 2965 terram
649 2916 675 2964 E
693 2920 789 2965 terroe
808 2917 840 2965 ci
861 2916 939 2968 Gron
970 2917 1078 2967 teiam

161 2984 193 3033 el
211 2983 406 3048 Henneberper
430 2980 467 3060 ΙΙ
466 2986 494 3032 et
512 2983 536 3032 A
561 2999 595 3033 ec
614 2983 639 3032 Ε
661 2979 673 3048 Η
696 2985 745 3034 252
765 2981 901 3033 uiolenter
918 2984 943 3033 A
972 2985 1078 3035 uiolen

161 3088 205 3134 tus
217 3084 242 3133 Ε
262 3080 300 3164 ll
294 3086 345 3136 266
363 3063 499 3147 afflicta(
490 3083 569 3147 (corr.
584 3101 619 3135 ex
632 3081 910 3151 afflictellE¹11256
930 3086 1029 3150 quippe
1048 3090 1077 3137 te

160 3168 187 3217 p.
206 3152 230 3201 A
250 3167 347 3217 quep
364 3153 389 3201 Ε
408 3154 508 3219 quippe
528 3167 620 3217 quem
638 3155 669 3202 ci.
685 3153 765 3204 Gran.
781 3148 793 3218 ΙΙ
810 3154 860 3203 266
877 3151 999 3204 disoisea
1017 3154 1043 3204 E
1063 3156 1075 3219 ll

161 3224 258 3283 coepte
277 3220 303 3269 Ε
330 3216 342 3286 ΙΙ
371 3223 421 3272 266
444 3235 612 3287 prorsusque
631 3237 649 3270 α
678 3217 690 3286 ll
718 3219 884 3271 causoden
902 3221 1076 3272 malorumA

160 3288 360 3339 TVTVMAL·
380 3290 469 3339 Reoer.
490 3293 520 3338 tu
537 3292 567 3338 tu
585 3289 716 3339 malorum
735 3288 761 3337 Ε
783 3284 796 3355 ΙΙ
819 3289 868 3338 267
890 3289 1013 3339 feminea
1032 3290 1078 3338 cui

158 3357 190 3404 cl.
209 3354 260 3406 Bo
281 3355 410 3407 laminae
429 3360 459 3407 cl
479 3358 543 3408 R..P
557 3353 568 3423 ΙΙ
586 3356 739 3407 audendum
758 3356 783 3406 A
813 3356 939 3406 audenda
958 3356 983 3405 Ε
1000 3353 1011 3421 ΙΙ
1027 3358 1077 3407 268

158 3422 237 3472 uirile
256 3423 339 3474 robur
357 3426 380 3473 A
407 3425 531 3475 ROBVR
548 3424 675 3476 VIRILE
693 3424 761 3474 EST
780 3425 869 3477 Reser.
894 3423 977 3472 robur
994 3424 1075 3474 uirile

159 3495 203 3540 est
221 3491 245 3539 Ε
274 3487 285 3556 Η
313 3486 446 3544 'memoria
465 3497 509 3543 est
526 3508 545 3542 α
574 3494 653 3543 uerbo
671 3492 859 3542 nullatemus
879 3492 1075 3542 momoriaot'x

157 3574 223 3609 rano
239 3565 311 3623 puto.
325 3556 337 3625 ll
349 3562 398 3610 276
416 3561 504 3626 pelias
523 3560 549 3609 Ε
566 3560 647 3610 Pelia
666 3563 690 3611 A
714 3556 726 3626 ΙΙ
