2576 4044
512 1217 704 1268 HERCVLES.

194 1372 280 1431 Sator
299 1372 422 1432 deorum
440 1374 523 1433 cuius
540 1390 695 1433 excussum
711 1389 799 1432 manu

151 1463 295 1534 utraeque
311 1455 423 1517 Phoebi
438 1458 567 1517 sentiunt
583 1456 694 1517 fulmen
711 1456 830 1526 domus,

151 1558 256 1601 secure
271 1558 372 1619 regna,
404 1540 514 1618 protuli
529 1559 632 1619 pacem
650 1540 710 1601 ubi,

152 1643 338 1704 quacumque
354 1624 468 1687 Nereus
482 1627 596 1704 porrigi
613 1632 710 1686 terras
726 1633 807 1686 uetat

153 1727 213 1769 non
230 1717 274 1770 est
290 1711 460 1771 tonandum.
492 1710 599 1788 perfidi
614 1728 700 1789 reges
716 1711 812 1771 iacent

151 1795 232 1855 saeui
249 1796 374 1873 tyranni.
406 1793 548 1872 fregimus
564 1795 702 1872 quicquid
720 1795 775 1856 suit

151 1878 204 1938 tihi
220 1877 446 1940 fulminandum.
478 1881 530 1941 sed
547 1880 618 1940 mihi
634 1878 746 1940 caelum
763 1897 872 1959 parens

152 1963 248 2024 adhuc
264 1965 408 2041 negaturi
431 1966 516 2041 parui
532 1972 614 2025 certe
628 1963 699 2024 ioue

152 2046 263 2125 ubique
277 2047 382 2126 dignus
394 2055 485 2127 aeque
500 2054 605 2108 testata
621 2056 665 2110 est
680 2065 778 2108 meum

152 2139 267 2210 patrem
283 2149 424 2192 nouerca,
457 2132 525 2213 quid
542 2140 640 2192 lamen
655 2133 749 2193 nectis
765 2132 881 2204 moras?
1086 2143 1119 2191 10

154 2215 297 2293 numquid
313 2216 469 2276 timemur?
493 2216 637 2294 numquid
652 2217 809 2293 inpositum
826 2214 882 2275 sibi

153 2317 213 2358 non
228 2300 339 2376 poterit
355 2298 435 2362 Atlas
451 2301 530 2360 serre
547 2318 614 2360 cum
632 2299 712 2360 caelo
728 2298 905 2359 Herculem?

123 2403 137 2442 2
155 2382 224 2460 quid
241 2389 319 2443 astra
334 2383 450 2460 genitor
466 2383 535 2460 quid
551 2384 659 2460 negas?
682 2401 762 2443 mors
778 2401 826 2443 me
843 2381 894 2441 ubi

155 2473 235 2527 certe
251 2469 379 2537 remisit,
397 2485 484 2528 omne
501 2469 647 2527 concessit
662 2467 771 2527 malum

153 2551 232 2629 quod
248 2557 327 2611 terra
343 2552 445 2630 genuit
460 2561 568 2630 pontus
584 2569 634 2612 aer
650 2552 747 2612 inseri.

152 2634 251 2695 nullus
267 2653 321 2713 per
335 2635 426 2696 urbes
442 2642 522 2697 errat
537 2637 682 2712 areolicas
699 2635 758 2706 leo,

153 2719 331 2799 Stymphalis
347 2722 404 2780 icta
421 2729 479 2788 est,
495 2719 617 2781 Maenali
634 2719 713 2780 nulla
730 2728 774 2780 est
788 2720 866 2789 sera,

219 2954 414 3007 HERCVLES
428 2956 453 3005 E
467 2957 491 3006 V
504 2957 579 3010 Voss.
599 2956 674 3007 Mors
683 2956 813 3007 Herculis
827 2957 863 3021 (1²)
877 2959 933 3007 eod.
947 2959 1068 3022 lucduno-

152 3024 258 3075 batauua
276 3041 300 3072 n.
320 3027 374 3074 373
403 3022 599 3074 HERCVLES
619 3023 786 3075 OETAEVS
805 3025 830 3072 A

221 3231 320 3294 INCIs'
339 3241 534 3293 HEROVLES
552 3242 577 3291 E
600 3244 704 3307 Incipit
722 3257 792 3306 quae
813 3243 914 3293 dicitur
931 3242 1069 3293 Hercules

153 3308 191 3375 (et
208 3312 256 3361 hoe
273 3308 388 3374 rubrica)
411 3311 486 3360 Voss.
508 3307 520 3375 ΙΙ
541 3312 554 3359 1
574 3309 713 3360 excelsum
731 3317 754 3373 ψ
775 3306 786 3375 Η
808 3311 840 3359 14
858 3310 998 3360 concessit
1016 3311 1070 3359 clm

152 3379 228 3432 IPaI.
241 3380 304 3429 1113
327 3383 474 3429 concesset
491 3377 566 3429 IPul.
596 3393 657 3428 eum
676 3377 760 3428 cessit
777 3377 830 3441 Eg]
854 3392 915 3426 cum
934 3381 1026 3426 cesset
1044 3378 1068 3426 Α

153 3461 215 3497 cum
234 3451 347 3510 essetu
367 3452 461 3495 cesset
480 3445 537 3502 (om.
552 3459 613 3495 cum
625 3449 666 3495 uel
678 3443 740 3509 oon)
759 3441 804 3510 Ru
822 3446 853 3494 15
872 3442 1070 3508 Quodcumque

152 3519 227 3566 terra
245 3511 293 3582 ψΗ
306 3516 337 3565 16
356 3513 485 3564 arcadias
503 3513 553 3562 ΕΑ
573 3512 741 3577 argolicas
760 3512 858 3564 IGron.
883 3508 895 3578 {i
