2544 4046
503 255 682 305 ruffinus

85 416 108 466 d
329 395 425 472 Reges
439 396 617 457 conueniant
634 394 712 466 lieet,

108 485 111 490 '
286 481 336 560 qui
350 497 469 559 sparsos
484 481 594 558 agitant
610 480 714 551 Dahas,

287 565 337 645 qui
352 562 437 626 rubri
452 564 529 626 uada
544 563 639 626 litoris

286 659 315 710 et
330 650 454 727 gemmis
468 667 553 710 mere
567 648 673 710 lucidis

285 733 343 795 late
358 735 553 812 sanguineum
569 740 681 808 tenent,

285 826 334 879 ant
349 818 397 896 qui
414 820 511 898 caspie
526 817 652 880 sortibus

285 901 441 964 recludunt
454 904 522 980 iuge
538 902 689 972 Sarmatis,

327 1072 426 1133 Ceriet
441 1071 568 1134 Danuuii
583 1072 693 1135 uadum
793 1104 796 1109 ⁴

285 1155 372 1218 audet
387 1157 438 1234 qui
453 1156 544 1235 pedes
557 1157 684 1234 ingredi,

286 1249 314 1301 et
330 1240 529 1320 (quocumque
545 1240 610 1302 loco
626 1243 732 1319 iacent)

285 1326 375 1386 Seres
389 1324 503 1386 uellere
518 1324 648 1386 nobiles:

325 1492 464 1557 Nilnliis
480 1510 574 1573 opus
589 1503 635 1555 esi
650 1495 743 1575 equis,

285 1578 325 1640 nil
340 1580 431 1640 armis
446 1587 476 1640 et
490 1577 635 1641 inertibus

284 1663 362 1733 telis,
379 1680 455 1741 quae
470 1662 575 1754 nroeul
590 1664 697 1741 ingerit

284 1749 412 1809 Parthus
428 1766 495 1810 eum
511 1747 631 1809 simulat
644 1749 746 1827 sugas:

285 1833 410 1894 admotis
426 1831 520 1895 nihil
536 1841 592 1894 esi
607 1850 699 1912 opus

284 1918 375 1978 urbes
390 1925 525 1979 sternere
540 1918 684 1979 machinis
748 1928 754 1937 '

282 2001 370 2081 lenge
387 2021 455 2065 sexa
472 2002 651 2064 rotantibus:

326 2171 399 2232 Rex
422 2179 492 2240 est,
515 2164 809 2251 quinretuetnihil

284 2274 349 2317 rex
373 2264 439 2325 est,
462 2258 523 2332 qui
540 2255 755 2334 cupietnihil.
1065 2284 1114 2335 389

284 2358 369 2400 mens
383 2357 539 2419 regnum
555 2338 632 2401 bona
648 2340 781 2420 possidet
1063 2368 1124 2419 380

283 2424 341 2485 hee
357 2443 511 2503 regnum
527 2424 584 2485 sihi
600 2427 725 2503 quisque
742 2425 800 2487 det.
1065 2453 1114 2503 390

326 2593 389 2654 Stet
405 2594 587 2674 quicumque
601 2592 685 2655 uolet
698 2602 805 2674 petens

283 2677 367 2738 auiae
383 2679 511 2741 eulmine
527 2678 658 2739 lubrico:
1033 2692 1056 2733 r.
1067 2691 1150 2734 cxxv

283 2781 331 2823 rne
347 2763 440 2824 dulcis
455 2771 568 2825 saturet
583 2764 675 2842 quies,

283 2847 412 2911 obscuro
427 2849 542 2929 positus
557 2847 622 2908 loen

282 2930 341 2993 leni
358 2933 498 3013 perfruar
514 2934 584 2993 etin.
1063 2949 1115 3000 395

197 3137 247 3187 370
265 3135 368 3187 daches
386 3140 428 3188 uel
444 3135 529 3187 ducos
547 3143 570 3200 ψ
589 3134 674 3186 duces
693 3150 712 3185 α
730 3134 818 3185 dahas
835 3135 861 3186 E
889 3132 900 3202 ΙΙ
929 3140 979 3188 372
998 3140 1047 3188 eut

123 3205 152 3255 A
172 3207 203 3253 et
218 3203 243 3253 E
261 3222 302 3254 un.
316 3220 352 3255 en
363 3205 430 3254 Pau.
453 3200 464 3271 Η
493 3205 544 3255 376
562 3203 712 3253 danubium
729 3202 799 3253 lieet
816 3204 842 3254 A
865 3204 980 3256 danubii
997 3220 1045 3254 ua-

124 3272 191 3322 dum
209 3271 235 3320 E
258 3267 270 3338 ΙΙ
292 3274 343 3324 380
359 3275 483 3324 reuocari
495 3280 557 3337 poet
572 3288 598 3322 u.
613 3273 665 3321 389
682 3277 788 3322 auctore
805 3270 933 3323 Swoboda
960 3268 973 3338 ΙΙ
995 3274 1046 3323 388

123 3340 266 3390 metuitur
288 3343 394 3390 metuet
410 3342 507 3405 scripsi
528 3336 540 3406 ΙΙ
563 3340 612 3391 389
631 3356 677 3390 om.
695 3340 721 3390 A
739 3355 787 3391 rex
807 3343 849 3390 eet
866 3341 950 3405 quiue
969 3340 1047 3405 eupit

123 3406 198 3458 nihil
221 3409 307 3458 codex
331 3408 448 3459 Fabricii
465 3425 513 3460 rex
532 3412 574 3459 eet
598 3407 644 3472 qui
667 3409 744 3473 eupit
766 3406 837 3458 nihil
859 3409 885 3457 in
908 3422 988 3471 marn,
1010 3410 1045 3458 al.

122 3475 277 3610 atrasslilssu
288 3491 338 3527 rex
357 3479 400 3527 est
418 3477 520 3541 quique
539 3492 563 3532 e.
576 3490 603 3526 n.
615 3476 656 3525 ΛΕ
677 3492 698 3526 r.
717 3492 741 3527 e.
761 3490 787 3540 q.
808 3475 902 3538 cupiet
919 3489 945 3523 n.
963 3473 989 3523 E
1000 3490 1044 3525 un.

121 3560 162 3595 ex
199 3559 215 3592 a
236 3583 241 3597 .
