2484 4044
239 218 303 284 446
370 292 381 305 ,
627 234 771 282 monam

242 377 378 454 laresque
393 376 534 436 miseros:
558 378 652 453 Argos
667 375 850 455 Eurystheus
864 384 957 438 tenet.

242 462 346 522 marita
362 459 479 522 Thebes
494 478 585 537 regna
602 469 630 520 et
644 460 783 521 Ismenon
799 460 896 538 petam

241 544 445 624 thalamosque
463 551 580 605 nostros
595 545 623 604 in
641 543 748 621 quibus
765 546 913 623 quondam
929 547 1045 609 leuem

241 628 346 691 dilecta
362 629 441 690 uidi?
464 648 518 708 pro
535 630 621 689 nimis
638 629 707 689 lelix
725 630 812 690 nimis

241 717 267 777 si
282 714 486 775 fulminantem
503 722 531 774 et
546 715 608 791 ipsa
624 715 783 775 sensissem
799 714 911 775 louem.

241 802 353 862 utinam
369 801 444 860 meis
460 797 624 860 uisceribus
639 796 756 859 Alcides
772 799 848 859 leret

242 893 363 963 ereptus
378 884 486 946 inians.
518 901 597 944 nunc
614 884 713 944 datum
730 892 776 943 est
790 886 916 945 miserae
931 885 1043 948 datum

242 969 344 1031 uidere
361 978 461 1030 natum
477 967 565 1029 laude
580 976 743 1029 certantem
760 968 837 1028 loui:

240 1063 274 1116 ot
289 1062 318 1115 et
333 1054 390 1114 hoe
406 1053 526 1113 daretur
542 1056 635 1121 scire,
652 1053 724 1131 quid
740 1054 830 1113 falum
847 1054 918 1113 mihi

241 1140 358 1218 eripere
373 1147 482 1218 posset.
517 1140 584 1218 quis
600 1156 714 1198 memor
730 1140 811 1198 uiuet
826 1140 868 1197 tui
891 1201 896 1209 ,

241 1244 257 1284 o
273 1232 341 1285 nate
358 1221 503 1302 populus?
525 1241 613 1283 omne
628 1226 686 1283 iam
703 1224 850 1298 ingratum
866 1231 910 1283 est
925 1239 1035 1299 genoe.

240 1318 339 1388 petam
356 1307 499 1369 Cleonas?
521 1307 669 1368 Arcadum
685 1306 811 1386 populos
826 1315 924 1385 petam

241 1394 412 1470 meritisque
428 1399 523 1452 terras
538 1391 654 1452 nobiles
670 1409 810 1470 quaeram
825 1392 900 1452 tuis?

240 1478 288 1538 bie
304 1478 367 1538 dira
384 1495 508 1556 serpeus
524 1475 642 1547 cecidit,
659 1478 707 1538 hic
723 1476 784 1537 ales
799 1477 878 1545 lara,

240 1563 289 1623 bic
304 1581 357 1623 rex
373 1570 529 1631 cruentus,
553 1561 602 1621 hie
620 1572 666 1622 tua
684 1562 795 1622 lraclus
810 1579 898 1623 manu

241 1648 290 1725 qui
307 1654 335 1706 le
351 1644 465 1723 sepulto
481 1646 613 1723 possidet
628 1646 741 1707 caelum
758 1645 814 1706 leo.

240 1733 265 1791 si
279 1739 361 1807 grata
377 1738 458 1791 terra
474 1738 536 1802 est,
560 1730 689 1809 populus
703 1730 864 1791 Alcmenen
879 1739 960 1791 tuam

240 1815 379 1876 defendat
394 1817 500 1878 omnis.
532 1816 659 1875 thracias
674 1824 777 1893 gentes
792 1824 889 1893 petam

239 1899 392 1977 Hebrique
409 1899 553 1979 populos?
577 1900 650 1959 haec
666 1918 785 1978 quoque
801 1906 846 1959 est
860 1900 974 1961 meritis
992 1902 1055 1962 tuis

240 1985 362 2046 delensa
378 1983 480 2045 tellus:
504 1982 618 2045 stabula
636 2003 702 2044 cum
718 2002 812 2060 regno
827 1985 940 2053 iacent,

239 2071 287 2130 hio
303 2078 500 2150 paramento
516 2087 586 2146 rege
601 2076 751 2147 prostrato
767 2069 833 2129 data
850 2078 909 2130 est:

309 2274 374 2323 1805
392 2273 480 2337 Argos
498 2287 545 2325 om.
563 2271 589 2321 E
600 2267 612 2335 Η
630 2272 696 2323 1806
713 2271 817 2320 Manita
835 2271 937 2322 thebae
955 2278 1059 2339 regnat
1077 2276 1161 2328 isme-

239 2357 293 2392 non
316 2347 408 2406 petam
427 2340 453 2390 E
476 2339 584 2389 Orbata
606 2339 717 2389 Thebas
739 2354 852 2403 regnum
876 2346 904 2390 et
921 2341 1089 2393 Hismenum
1112 2362 1161 2410 pe·

239 2414 295 2460 tam
318 2410 343 2460 A
375 2408 554 2472 (hismeniam
577 2408 601 2457 lt
628 2407 800 2457 hiameneum
822 2408 884 2458 ltro
912 2408 1076 2473 hyemenum
1097 2413 1161 2478 (ἕρ)

239 2478 275 2527 M.
295 2476 412 2526 Thebas
430 2491 518 2542 regna
536 2480 570 2525 et
588 2475 663 2525 NHs.
687 2474 801 2525 Thebes
820 2474 870 2525 Bo.
895 2471 907 2537 ΙΙ
931 2477 996 2528 1808
1017 2480 1070 2543 'pro
1091 2480 1160 2532 felix
1239 2434 1240 2471 Η

238 2578 319 2629 nimis
339 2575 433 2640 (altero
452 2578 534 2627 nimis
552 2574 612 2641 om.)
630 2577 656 2626 E
667 2571 679 2642 Η
697 2579 762 2628 1810
781 2537 876 2627 absides
900 2578 925 2627 E
951 2585 1010 2643 post
1034 2578 1111 2630 foret
1132 2584 1159 2633 in

238 2662 285 2711 rap.
304 2648 391 2695 adeor.
411 2646 470 2697 lm.
488 2661 532 2709 pr,
548 2645 574 2694 E
586 2641 598 2712 Η
616 2646 680 2694 1811
699 2645 842 2709 Exceptus
860 2645 885 2695 E
896 2646 968 2712 Mop.
987 2648 1115 2698 Exeetua
1131 2651 1158 2700 A

238 2715 358 2763 Erectus
375 2714 399 2763 B
416 2713 529 2762 Electus
549 2712 571 2763 d
589 2713 636 2778 (cf.
648 2712 730 2762 Here.
750 2712 830 2762 1461
847 2714 871 2763 E
889 2715 985 2764 matris
1003 2720 1085 2765 utero
1105 2716 1158 2766 ful·

237 2781 310 2830 mine
335 2780 467 2830 eiectus
490 2778 574 2845 puer)
605 2781 766 2845 Exemptua
791 2779 869 2830 Gran.
904 2782 1001 2847 scripsi
1022 2782 1156 2848 Ereptus

237 2851 303 2900 conl.
324 2846 398 2898 Oura.
416 2848 458 2899 M.
476 2848 530 2898 III
547 2850 598 2899 310
610 2844 622 2916 Η
633 2862 706 2897 nunc
725 2849 752 2899 d.
772 2852 814 2897 est
832 2853 938 2913 tempus
957 2849 1051 2899 datum
1069 2859 1114 2902 est
1129 2853 1156 2902 E

237 2933 310 2968 nnnc
328 2916 353 2969 d.
374 2921 417 2967 est
428 2916 546 2967 miserae
566 2916 633 2966 mibi
652 2916 677 2967 A
690 2919 702 2981 Η
716 2915 883 2967 1812-1815
901 2918 1083 2968 desiderantur
1094 2920 1122 2969 Ε
1139 2922 1154 2982 Η

238 2989 304 3037 1813
321 2986 358 3035 Et
370 2985 422 3035 hoe
435 2988 461 3036 A
479 2980 581 3051 Eissoll
591 2986 653 3035 Aac
672 2985 711 3032 Vt
723 2984 776 3033 boc
788 2984 864 3037 NHs.
883 2985 924 3034 Vt
937 2992 964 3036 et
976 2986 1028 3036 hoc
1041 2986 1120 3037 Gran.
1139 2989 1153 3050 Η

238 3053 308 3119 quod
328 3054 353 3104 A
384 3054 460 3119 quid
479 3054 555 3104 NHs.
584 3048 596 3119 Η
626 3051 692 3102 mihi
711 3052 737 3101 A
766 3051 895 3115 nichilqr
923 3048 936 3119 Η
965 3052 1030 3103 1815
1049 3063 1152 3117 namq
1238 3039 1239 3044 ¹

236 3122 296 3171 iam
316 3138 335 3172 α
358 3117 369 3188 Η
394 3124 460 3174 1816
478 3122 541 3172 Arc.
562 3135 599 3169 an
617 3136 680 3185 pop.
699 3120 724 3170 A
744 3135 779 3169 an
797 3136 844 3170 om.
864 3120 890 3170 Ε
912 3116 924 3187 Η
949 3120 1148 3172 1817Mericis-

237 3205 290 3256 que
309 3190 334 3240 A
358 3204 409 3255 que
428 3207 474 3241 om.
493 3190 519 3240 Ε
542 3186 555 3257 Η
577 3193 666 3238 terras
688 3188 797 3238 nobiles
814 3187 841 3237 E
867 3193 969 3239 terram
988 3187 1108 3239 nobilem
1125 3191 1150 3241 A

237 3261 371 3310 Lernam
395 3258 518 3309 nobilem
541 3257 692 3322 quondam
715 3256 771 3306 tuis
794 3256 870 3308 DHe.
905 3257 1041 3306 Lernam
1063 3273 1090 3307 n.
1113 3274 1149 3308 ac
1239 3254 1240 3265 ¹

237 3325 393 3378 Thracen
423 3327 478 3376 tuis
508 3328 574 3376 ‘nisi
590 3326 719 3377 excidisse
737 3339 837 3374 uersam
859 3340 932 3375 unam
949 3332 1025 3390 atque
1047 3328 1150 3375 ditm

238 3398 386 3460 opinamur’
411 3393 487 3445 NHr.
512 3389 524 3458 Η
548 3396 613 3444 1821
633 3393 759 3442 alcmene
777 3392 803 3441 Ε
824 3392 985 3443 Alcmenam
1002 3393 1029 3442 A
1052 3388 1064 3456 Η
1086 3394 1149 3443 1824

237 3464 368 3511 Emenso
390 3460 473 3510 tellus
496 3460 573 3512 NHs,
602 3457 613 3526 Η
647 3460 714 3509 1825
741 3460 796 3509 Hic
818 3474 873 3523 pax
895 3460 1020 3509 cauendo
1043 3474 1147 3525 regere·

238 3533 325 3554 ⁶⁶⁶⁶⁶⁶
350 3529 370 3575 E
389 3529 425 3577 H.
445 3542 472 3590 p.
493 3533 606 3577 cruento
624 3541 691 3590 rege
709 3531 848 3591 prostrato
867 3528 892 3577 A
916 3522 927 3592 Η

1181 2081 1239 2131 leri
