2504 4040
504 1186 653 1235 HECVBA.

80 1351 110 1402 a⁰
160 1343 345 1420 Quicumque
361 1359 454 1418 regno
470 1343 533 1402 fidit
548 1350 578 1403 et
593 1359 699 1419 magna
715 1350 819 1421 potens

115 1427 284 1488 dominatur
300 1426 367 1488 auia
381 1445 438 1488 noc
453 1426 536 1488 leues
550 1428 654 1489 metuit
669 1427 740 1487 deos

114 1513 308 1590 animumque
324 1511 414 1574 rebus
430 1509 586 1573 credulum
602 1510 795 1601 laetisjledit,

114 1616 163 1658 me
178 1597 278 1660 uideat
293 1605 323 1659 et
338 1604 369 1658 te
383 1598 490 1658 Troia:
515 1614 575 1656 non
592 1614 733 1674 umquam
748 1596 816 1657 tulit

114 1683 293 1744 documenta
309 1681 371 1743 fors
387 1684 497 1742 maiora
515 1699 602 1762 quam
619 1680 714 1758 fragili
730 1680 796 1741 ioco

113 1774 227 1828 starent
241 1766 373 1846 superbi.
404 1765 540 1827 columen
557 1784 694 1828 euersum
711 1767 819 1827 occidit

113 1831 254 1931 pollentis
269 1853 354 1913 Asiae
370 1849 506 1912 caelitum
523 1853 662 1929 egregius
677 1850 771 1911 labor.

77 1961 97 1995 a
160 1937 203 1996 td
219 1937 303 1997 cuius
318 1954 400 1997 arma
419 1936 500 1995 uouit
516 1945 544 1996 et
559 1937 610 2014 qui
625 1936 765 2012 frigidum

113 2029 237 2099 septena
252 2021 364 2081 Tanain
382 2038 432 2080 ora
449 2020 627 2097 pandentem
644 2020 717 2081 bibit

114 2113 145 2167 et
160 2106 211 2184 qui
225 2112 362 2167 renatum
377 2107 492 2182 primus
508 2106 657 2183 excipiens
673 2105 750 2165 diem

113 2189 246 2268 tepidum
262 2189 384 2250 rubenti
399 2190 502 2266 Tigrin
518 2191 654 2250 inmiscet
669 2190 746 2250 freto

113 2281 145 2336 et
161 2292 236 2352 quae
251 2292 343 2352 uagus
358 2275 456 2335 uicina
472 2275 659 2353 prospiciens
675 2274 797 2353 Scythas

113 2359 209 2437 ripam
226 2361 355 2420 cateruis
370 2362 519 2437 ponticam
535 2359 632 2419 uiduis
649 2359 729 2427 ferit,

115 2445 216 2504 excisa
233 2443 315 2504 terro
331 2452 384 2505 est.
416 2444 591 2520 Pergamum
609 2442 742 2503 incubuit
757 2441 828 2503 sibi.

182 2696 350 2747 TROADES
363 2697 389 2745 Ε
399 2697 426 2746 V
434 2698 461 2746 in
473 2698 641 2760 inscriptione
659 2695 778 2747 TROAS
791 2698 816 2747 Α
832 2698 894 2750 Tiro.
907 2701 942 2749 ad
952 2715 977 2748 u.
991 2701 1033 2748 64.

110 2765 261 2828 refutarunt
279 2765 396 2828 Scaliper
413 2772 439 2815 et
457 2765 551 2815 Daniel
566 2766 690 2815 Heinsius
708 2768 807 2815 conlcto
827 2767 975 2831 euripideon
991 2767 1033 2829 fa-

111 2834 186 2884 bulae
201 2835 298 2883 nomine
310 2830 459 2883 HECVBA
477 2833 533 2882 cod.
550 2833 713 2896 Iupdunensir
729 2836 754 2882 in
767 2834 788 2896 f.
803 2835 922 2884 Valerius
932 2833 1034 2884 Probus

111 2901 180 2950 Inst.
200 2906 250 2950 art.
268 2917 296 2965 p.
315 2902 355 2957 47,
375 2902 415 2950 10.
434 2916 462 2963 p.
483 2904 523 2962 75,
545 2902 561 2949 3
579 2901 612 2950 L.
652 2900 789 2951 INCIPIT
807 2901 1006 2950 FELICITER
1027 2900 1030 2966 i

111 2967 294 3018 TROADVM
307 2969 323 3006 ’²⁴
335 2967 485 3017 HEOVBA
498 2967 523 3015 E
540 2966 629 3017 Marci
641 2967 722 3031 Lucij
737 2969 806 3018 Anci
820 2968 926 3019 Seneco
938 2969 1033 3019 Troas

111 3035 254 3100 Tragedia
272 3041 353 3085 sexta
372 3035 496 3084 feliciter
511 3031 515 3099 Ι
535 3034 648 3100 Incipit,
665 3035 669 3098 Ι
684 3034 869 3087 HEOVBAR
887 3037 988 3101 Incipit
1006 3039 1033 3088 θ’

112 3103 219 3154 excidii
244 3103 314 3154 troie
344 3108 371 3152 et
397 3102 526 3168 planctus
555 3102 661 3153 hecuba
690 3118 749 3153 cum
774 3105 857 3155 choro
885 3112 934 3156 ete.
974 3106 1031 3154 cod.

110 3172 277 3236 lugdunensia
296 3188 321 3220 n.
341 3173 401 3221 370.
1076 3174 1083 3183 '

180 3426 197 3472 4
220 3438 275 3472 non
293 3437 432 3487 nunqnam
450 3422 485 3472 E¹
509 3439 697 3488 non-unquam
718 3424 746 3487 (n
764 3424 851 3489 eroso)
872 3422 907 3473 Ε2
924 3419 935 3487 ΙΙ
952 3424 1031 3472 baee-

107 3491 222 3554 ciditnr
245 3488 257 3557 ΙΙ
279 3494 295 3542 8
314 3505 384 3555 quoe
404 3491 429 3539 E
443 3490 519 3555 prob.
540 3493 615 3545 NHa.
646 3494 694 3556 qui
714 3494 737 3542 A
761 3489 773 3561 Η
798 3494 829 3542 10
852 3492 955 3556 primus
979 3491 1004 3539 E
1015 3507 1032 3555 p

110 3561 192 3610 Voss.
211 3574 257 3623 nep.
276 3573 388 3624 prorsus
407 3560 431 3607 A
455 3574 557 3623 pronus
575 3560 721 3609 Sertuerius
744 3556 756 3625 Η
