2544 4046
406 276 424 319 .''
455 278 464 287 ’”
490 269 669 319 THYESTES
750 318 758 323 „

92 417 114 476 f'
293 408 337 469 Et
352 410 412 485 qui
432 408 544 470 medies
560 408 663 471 diuidit
678 408 775 480 Vesus,

245 494 376 558 fluminis
391 494 483 573 instar
498 492 631 557 lubricus
645 497 755 572 Anguis

246 594 415 656 magnoque
432 580 529 637 minoe
543 580 642 639 iuncte
658 577 788 639 Draconi

246 663 353 740 frigide
370 662 445 723 duro
461 662 612 740 Cynosura
629 660 706 738 gelu,

248 746 423 828 [custosque
436 750 486 808 sut
499 749 608 807 tardus
616 746 769 827 plaustri]

246 836 305 892 iem
321 848 381 891 nnn
397 829 510 891 stabilis
525 839 593 893 ruet
608 831 807 911 Arctophylax

246 924 439 994 monstraque
456 914 615 994 numquam
631 915 752 993 perfuse
768 918 846 977 ,meri

248 1007 362 1077 merget
378 999 510 1060 condens
525 1001 622 1060 omniu
638 1018 757 1079 gurges.

291 1134 363 1196 Nos
379 1154 395 1195 e
410 1143 491 1195 tento
507 1135 563 1194 uisi
578 1133 689 1213 populo
723 1132 727 1139 '

249 1220 331 1297 digni
346 1227 497 1298 premeret
513 1237 587 1297 quos
603 1238 708 1279 euerso

248 1305 369 1365 cardine
385 1304 521 1363 mundus.

288 1440 329 1500 In
352 1457 417 1498 nos
438 1447 518 1499 uetes
533 1437 635 1498 ultima
651 1440 740 1499 uenit.

127 1525 138 1534 ’
247 1522 349 1585 solitae
364 1524 466 1583 mundi
481 1525 598 1601 periere
613 1523 708 1584 uices:
746 1557 747 1560 =

246 1609 321 1669 nihil
336 1625 473 1678 occasus,
490 1606 562 1667 nihil
580 1616 662 1668 ortus
678 1610 742 1669 erit.

99 1748 114 1770 '¹
174 1810 180 1823 Ι
289 1744 313 1804 0
329 1761 397 1803 uns
413 1743 486 1823 dura
502 1752 582 1804 sorte
598 1753 723 1813 creatos,

246 1847 299 1888 seu
314 1828 499 1908 perdidimus
514 1827 606 1887 sulem
623 1830 734 1896 miseri,

247 1915 310 1973 siue
327 1912 507 1991 expulimus!

289 2048 404 2108 Abeant
419 2055 555 2125 questus,
573 2045 691 2107 diseede
706 2049 805 2109 timor.

247 2133 325 2193 uitae
342 2138 386 2192 est
402 2131 506 2191 auidus
522 2132 654 2209 quisquis
670 2150 730 2191 non
747 2131 810 2193 uult

247 2217 357 2276 mundo
372 2234 473 2276 seeum
489 2223 632 2293 pereunte
650 2219 734 2277 mori.

509 2380 644 2428 ATREVS

86 2519 103 2553 a
204 2473 342 2564 Aeuualis
358 2487 445 2548 astris
462 2484 581 2563 gradior
598 2493 627 2546 et
642 2495 766 2546 cunctos
782 2503 872 2565 super

119 2570 211 2632 nitunt
226 2571 356 2650 superbo
372 2573 485 2631 uertice
500 2573 647 2648 attingens
663 2571 774 2648 poium.

64 2698 66 2703 -
120 2673 200 2717 nune
216 2656 324 2716 decora
338 2657 425 2733 regni
440 2663 537 2725 teneo,
554 2674 634 2716 nunc
649 2655 754 2716 solium
770 2657 874 2733 petris.

120 2740 236 2802 dimitte
252 2758 393 2820 superus:
409 2757 524 2800 summe
540 2747 679 2799 uotorum
696 2742 787 2818 attigi.

85 2833 109 2894 a‘
162 2825 245 2886 Bene
261 2832 314 2894 est,
331 2824 449 2885 abunde
465 2833 518 2892 est,
535 2826 593 2884 iem
609 2831 655 2885 set
670 2831 715 2884 est
730 2827 817 2901 etiam
832 2824 914 2885 mihi.

117 2908 169 2970 sed
187 2928 240 2970 cur
256 2910 325 2970 satis
340 2910 396 2970 sit?
412 2925 535 2986 pergam
551 2915 580 2968 et
594 2907 714 2985 inplebo
732 2917 845 2987 petrem
897 2924 902 2931 ·

119 2995 373 3067 funenesuorum.
401 3010 439 3052 ne
455 2995 518 3071 quit
534 2993 665 3053 obstaret
682 2994 787 3072 pudor,

118 3079 182 3139 dies
198 3081 337 3139 recessit:
354 3096 446 3156 perge
462 3079 532 3137 duni
549 3077 663 3137 eaelum
679 3085 775 3140 necet.

63 3189 100 3239 ·b
160 3166 277 3223 Vtinam
293 3164 415 3242 quidem
430 3171 533 3222 tenere
549 3163 693 3239 fugientes
709 3164 781 3223 deos

184 3333 236 3383 870
251 3334 301 3383 871
319 3339 380 3397 poet
397 3349 421 3380 u.
439 3333 489 3381 877
507 3332 683 3396 reponendos,
707 3349 731 3384 u.
748 3333 807 3383 876.
828 3334 961 3384 delendum
978 3347 1035 3382 esee

115 3399 163 3463 (es.
175 3398 329 3463 Medum)
348 3401 413 3449 uidit
424 3400 489 3449 ΕΡ.
514 3396 525 3465 ii
554 3401 603 3450 877
621 3415 676 3449 non
694 3400 836 3457 instabilis
854 3400 879 3449 E
908 3415 963 3450 non
981 3405 1038 3448 sta·

114 3467 183 3527 bilis
202 3470 228 3519 A
252 3464 264 3533 Η
288 3467 429 3516 tulenvs
442 3467 493 3516 EA
518 3472 529 3534 Η
554 3469 604 3518 897)
620 3469 742 3518 naeatA
762 3467 974 3523 noeatEt.Gr,
997 3463 1009 3533 (i

49 3588 51 3593 ,
112 3537 165 3586 eeu
184 3537 297 3600 quidam
314 3535 351 3601 ne
377 3535 488 3598 quidem
500 3533 563 3585 ΑΕ3
586 3533 597 3601 tt
