2544 4046
381 268 502 318 censer
518 270 762 319 FRAGMENTVM
969 255 1036 336 111,

50 411 93 471 d''
153 411 219 490 Ego
235 410 332 471 laticis
347 409 454 470 haustu
469 411 560 470 satior
575 418 625 469 aut
640 408 700 470 ullo
716 409 799 469 lruor

106 496 206 557 almae
221 495 354 575 parentis
369 494 512 555 munere?
535 511 589 572 ego
605 500 714 554 castam
731 511 850 554 manum

107 580 258 642 uelandus
273 578 454 640 incestificus
470 576 645 639 execrabilis

107 665 255 726 attrecta?
277 681 332 741 ego
348 661 423 724 ullos
439 681 511 724 aure
526 663 663 741 concipio
679 680 768 723 sonos

106 767 165 830 per
182 767 256 829 quos
271 748 404 828 parentis
419 765 529 809 nomen
545 756 596 808 aut
610 748 691 826 gnati
705 746 840 808 audiam?
1045 771 1097 822 2⁸2⁶

70 831 95 852 '''
152 834 270 894 Vtinam
286 832 406 913 quidem
422 831 596 894 rescindere
611 832 665 893 lras
680 833 795 909 quirem
812 832 875 893 uias

105 917 304 996 manibusque
320 918 431 978 adactis
446 935 534 978 omne
550 934 608 995 qua
622 934 714 977 uoces
729 924 829 977 meant

105 1003 263 1082 aditusque
278 1002 380 1063 uerbis
395 1003 513 1063 tramite
529 1009 654 1079 angusto
669 1007 750 1079 patet

105 1105 215 1148 eruere
230 1105 348 1166 possem
365 1093 461 1163 gnata.
489 1088 546 1147 iam
563 1104 682 1148 sensum
698 1088 751 1154 tui,

105 1190 185 1249 quae
202 1190 272 1250 pars
286 1189 423 1232 meorum
440 1188 472 1232 es
487 1172 653 1241 criminum,
671 1170 771 1231 infelix
787 1178 871 1249 pater

104 1257 298 1335 fugissem.
702 1306 707 1313 .

100 1392 103 1397 .
333 1339 471 1403 inhaeret
486 1357 521 1401 ac
535 1339 719 1402 recrudescit
734 1339 818 1401 ncias

105 1426 234 1487 subinde
250 1432 279 1486 et
294 1442 383 1487 aures
397 1425 537 1504 ingerunt
551 1423 690 1505 quicquid
707 1423 779 1484 mihi

104 1509 240 1571 donastis
255 1509 343 1571 oculi.
374 1527 427 1570 cur
443 1518 531 1588 capnt
546 1510 679 1570 tenebris
694 1526 786 1585 graue

103 1612 167 1655 non
184 1596 267 1655 mitto
283 1596 320 1655 ad
337 1593 458 1655 umbras
473 1594 545 1654 [litis
561 1593 692 1655 aeterni?
714 1593 785 1673 quid
802 1592 852 1653 hic

103 1695 210 1740 manes
225 1696 307 1740 meos
323 1679 462 1740 detineo?
485 1679 554 1757 quid
570 1687 682 1740 terram
698 1694 791 1755 grano

102 1764 274 1843 mixtusque
290 1764 406 1842 superis
422 1763 510 1824 erro?
533 1763 602 1843 quid
617 1770 710 1824 restat
725 1761 812 1824 malit

60 1844 88 1903 α’
148 1847 283 1926 Regnum
299 1842 438 1925 parentes
454 1846 539 1908 liberi
554 1849 650 1909 uirtus
664 1865 782 1927 quoque
880 1916 886 1921 ‚

102 1940 135 1994 et
149 1932 251 2010 ingeni
266 1931 383 1992 solertis
399 1932 536 1994 eximium
553 1932 645 1994 decus

101 2017 237 2096 periere:
262 2026 368 2078 cuncta
384 2035 449 2078 sors
465 2017 538 2078 mihi
552 2017 659 2078 inlesta
674 2014 803 2077 abstulit.

101 2101 245 2167 lacrimae
261 2110 448 2181 supererant,
464 2101 519 2163 has
533 2120 651 2181 quoque
667 2102 776 2180 eripuit
791 2101 875 2164 mihi.
894 2134 931 2146 -
1041 2122 1093 2172 240

101 2185 225 2248 absiste.
249 2185 345 2248 nullas
360 2189 474 2248 animus
490 2186 617 2247 admittit
631 2204 737 2265 preces

102 2288 275 2350 nouamque
290 2289 417 2349 poenam
434 2270 596 2332 sceleribus
612 2273 727 2350 quaerit
741 2289 853 2350 parem.

69 2357 88 2407 d
148 2355 187 2416 Et
201 2373 267 2417 esse
281 2373 335 2433 par
350 2373 428 2436 quae
442 2356 569 2435 poterit?
591 2355 696 2415 inlanti
712 2373 829 2434 quoque

101 2440 225 2501 decreta
241 2457 341 2501 mors
356 2448 409 2502 est.
441 2440 575 2501 uideram
591 2440 722 2500 nundum
738 2441 816 2501 diem
987 2458 1127 2510 decemb

101 2525 242 2603 uterique
257 2525 389 2586 nondum
405 2524 553 2586 solueram
570 2525 661 2586 clausi
676 2541 776 2585 moras
969 2553 1126 2599 mmm

102 2616 135 2670 et
151 2611 209 2669 iam
226 2608 360 2671 timebar.
391 2612 527 2687 protinus
543 2610 686 2689 quosdam
702 2609 796 2670 editos
817 2614 820 2673 J

101 2711 165 2754 nox
182 2695 340 2771 occupauit
355 2702 383 2755 et
401 2711 496 2756 nouae
510 2694 571 2755 luci
586 2693 714 2764 abstulit,
781 2750 784 2755 .

62 2771 91 2828 d'
150 2777 250 2839 Mors
266 2796 313 2840 me
330 2781 497 2841 antecessit.
525 2778 582 2840 lata
599 2781 663 2858 quis
678 2788 737 2840 tam
752 2781 846 2841 tristia
990 2799 1050 2849 249·
1062 2794 1127 2847 244¹>

98 2863 226 2924 sortitus
241 2865 399 2942 nmquam?
422 2862 527 2945 aliquis
541 2865 617 2925 intra
635 2865 748 2926 uiscera
988 2884 1048 2933 2,ιὸΙ
1061 2879 1125 2931 249¹>

98 2955 237 3008 materna
254 2945 345 3009 letum
362 2949 538 3029 praecoquis
555 2947 606 3010 lati
622 2947 696 3019 tulit,

169 3133 220 3182 226
243 3147 321 3182 mess
340 3133 366 3183 Ε
394 3134 457 3185 nias
475 3134 501 3183 Α
535 3130 549 3200 fl
587 3136 637 3186 229
665 3149 774 3184 sensum
797 3136 837 3184 tui
857 3135 882 3184 A
912 3151 1023 3187 sensum

97 3200 182 3280 cultui
198 3199 226 3250 E
249 3200 301 3265 (tui
318 3217 389 3253 corr.
407 3217 442 3253 ece
461 3203 507 3252 cui
525 3218 541 3252 a
559 3202 629 3266 Im.)
654 3217 677 3253 s.
698 3202 751 3252 ahl
770 3202 811 3252 tui
828 3205 859 3254 ci.
875 3204 982 3256 Istron.
1000 3201 1012 3272 ΙΙ

96 3267 150 3336 2'30
170 3284 316 3336 criminum
336 3302 366 3338 es
384 3287 410 3336 Α
431 3284 446 3338 ὅ
464 3287 609 3338 criminum
627 3287 652 3336 Ε
675 3283 687 3352 Ι]
715 3289 765 3339 233
784 3289 911 3354 negastis
928 3290 953 3338 A
973 3289 1021 3339 dc·

96 3352 190 3402 nostis
202 3350 228 3401 E
241 3361 259 3405 t.
274 3353 318 3404 Gr.
341 3349 357 3422 ss
378 3358 429 3407 234
446 3359 577 3406 aeternas
589 3357 614 3406 A
634 3356 743 3405 aeterni
755 3355 781 3404 E
803 3352 815 3423 ΙΙ
838 3357 888 3408 240
902 3356 1021 3420 eripuiA

96 3420 203 3538 err
219 3420 383 3555 pun
399 3419 425 3542 l
438 3423 855 3559 corruerem
873 3424 1024 3540 trent

93 3505 145 3607 {20
163 3526 300 3608 reuocauit
316 3559 382 3609 ΕΡ.
403 3555 416 3626 l]
445 3562 495 3611 250
513 3562 662 3624 praecoqui
682 3574 700 3609 α
721 3559 869 3623 precequis
886 3557 935 3621 Εψ
948 3551 960 3622 ΙΙ
