2536 4046
397 257 579 306 nnncvnss
602 246 767 329 [sununs]

85 416 105 466 a
168 397 235 460 Non
251 396 334 458 iltic
349 398 498 473 geminum
515 397 699 477 Tyndaridae
715 416 811 476 genus

122 493 306 545 succurrunt
322 481 430 542 timidis
445 483 541 542 sidera
558 483 693 543 nauibus.

122 576 181 629 stat
195 569 282 645 nigro
297 564 421 646 pelagus
436 568 554 642 gurgite
569 564 740 644 languidum

123 660 236 712 etcum
251 669 334 732 mors
348 650 442 711 auidis
458 649 563 729 paiiida
580 651 718 713 dentibus

122 743 228 814 gentes
242 736 415 796 innumeras
430 734 566 795 manibus
581 734 685 805 intulit

122 838 183 881 uno
198 828 243 880 tot
257 818 361 900 popuii
376 819 488 903 remige
505 826 669 881 transeunt.

5 1035 16 1048 .
79 996 108 1055 α’
166 988 232 1049 llic
248 989 297 1066 qui
313 1007 365 1049 rex
381 988 498 1067 populis
514 987 649 1066 pluribus
665 990 800 1070 imperat,
863 988 866 993 ’

122 1072 203 1133 hello
219 1092 287 1134 cum
303 1080 420 1150 peteres
434 1081 602 1134 nestoream
620 1072 722 1153 Pylon,

123 1166 223 1218 tecum
240 1157 392 1217 conseruit
407 1156 563 1235 pestiferas
578 1175 685 1218 manus

122 1240 216 1302 telum
234 1242 396 1318 tergemina
413 1240 536 1320 cuspide
552 1242 736 1319 praeferens.

124 1326 227 1403 effugit
242 1327 324 1386 tenui
341 1324 465 1385 uulnere
481 1327 599 1386 saucius

124 1417 154 1470 et
170 1411 273 1471 mortis
288 1409 425 1470 dominus
440 1411 593 1490 pertimuit
607 1411 695 1471 muri.

85 1611 102 1646 e
167 1579 272 1640 Fatum
287 1596 394 1658 rumpe
408 1595 514 1638 manu:
538 1578 672 1641 tristibus
685 1579 788 1640 interis

121 1670 299 1742 prospectus
314 1671 412 1742 pateat
426 1662 501 1723 lucis
517 1672 545 1723 et
560 1663 658 1724 inuius

122 1748 211 1808 limes
227 1747 277 1808 det
292 1746 391 1808 faciles
406 1747 449 1807 ad
464 1765 624 1826 superos
639 1749 712 1811 uias

122 1834 243 1892 inmites
259 1833 354 1909 potuit
369 1831 490 1893 flectere
506 1832 640 1893 cautibus

124 1915 341 1977 umbrarum
363 1916 533 1976 dominns
555 1923 584 1977 et
598 1935 689 1995 prece
704 1917 830 1998 supplici

123 2000 273 2080 Orpheus,
289 2000 457 2082 Eurydicen
474 2001 545 2061 dum
561 2004 668 2086 repetit
682 2021 774 2064 suam.

92 2184 108 2233 1
171 2166 270 2237 Quae
285 2167 375 2230 siluas
391 2176 420 2228 et
434 2187 505 2230 aues
520 2187 648 2249 saxaque
665 2178 795 2232 traxerat

123 2270 188 2322 ars,
205 2271 298 2332 quae
312 2253 491 2331 praebuerat
506 2253 677 2316 fluminibus
692 2274 800 2324 moras,

124 2337 161 2399 ad
178 2339 282 2398 cuius
296 2339 424 2398 sonitum
440 2339 635 2399 constiterant
649 2341 739 2400 serae.

123 2418 235 2483 mulcet
250 2440 310 2481 non
327 2421 420 2482 solitis
435 2422 559 2487 uocibus
575 2425 686 2483 interos

125 2513 155 2567 et
170 2507 268 2567 surdis
283 2507 525 2568 rescnatclarius
541 2509 570 2568 in
586 2506 669 2568 locis.

50 2682 105 2743 ‘f'
161 2673 847 2755 lieilentEnrydicenTaenariaenurus:

123 2757 271 2819 defient
286 2767 315 2819 et
329 2756 458 2847 lacrimis
474 2760 608 2821 difficiles
624 2761 672 2821 dei

193 2995 338 3046 562-563
354 3002 414 3060 port
430 3012 454 3044 aa.
474 2998 524 3046 593
542 2998 667 3047 collocent
693 2993 705 3062 11
733 2997 876 3048 scabella
897 2999 944 3063 ch
967 2997 1041 3048 bello

123 3062 164 3112 εΑ
200 3059 211 3127 11
246 3066 377 3127 peterent
403 3064 451 3128 ch
481 3067 590 3128 peteret
610 3065 666 3114 ER
691 3067 798 3115 Vratiel.
829 3069 938 3131 peteres
961 3067 986 3115 Α
1019 3062 1031 3127 11

122 3130 174 3181 567
198 3138 261 3193 past
283 3134 353 3194 terg.
374 3133 514 3183 savarici.
536 3133 565 3180 V
589 3128 601 3197 11
628 3135 678 3182 570
701 3148 825 3197 rumpere
845 3131 880 3181 ΕΙ
909 3130 921 3199 11
953 3134 1040 3183 tristi·

121 3197 176 3246 bus
194 3196 276 3247 EVA
304 3199 393 3260 tristis
413 3203 482 3262 etrp
511 3195 523 3264 11
561 3199 798 3250 571‘etlueisV
824 3196 836 3266 11
870 3202 920 3251 575
942 3201 1043 3265 recipit

122 3274 148 3329 11
168 3261 180 3330 11
195 3266 244 3315 581
264 3266 288 3314 d.
301 3282 325 3314 u.
336 3271 398 3329 post
410 3282 434 3317 u.
448 3267 602 3329 suscepitur
615 3267 650 3329 A,
665 3267 712 3316 doc
725 3269 779 3317 loco
793 3268 818 3316 E
823 3268 864 3317 M)
873 3270 898 3318 V
899 3269 928 3330 H,
942 3271 1040 3319 omnino

123 3333 197 3382 adest
214 3333 239 3382 B
246 3336 279 3381 10
307 3327 319 3398 11
349 3332 444 3382 Surdis
461 3337 575 3382 resonat
593 3333 695 3383 clarius
713 3336 742 3383 in
761 3334 830 3384 locis
846 3332 851 3400 1
866 3336 976 3385 Deflent
995 3350 1041 3383 eu-

121 3399 239 3463 rydicen
255 3400 341 3449 vmidi
359 3401 457 3450 sedent
469 3401 541 3464 Mup.
564 3401 698 3458 threiciae
717 3419 738 3452 ω
761 3408 944 3452 tartareae
962 3402 1040 3451 Wtur.

121 3468 298 3517 taenariae
320 3470 417 3532 scripsi
444 3467 546 3519 deflent
563 3469 769 3520 Eumenides
794 3469 968 3519 Threiciam
991 3483 1039 3517 nu·

121 3549 185 3587 rum
204 3539 262 3588 coll.
282 3534 355 3586 Ouid.
375 3535 415 3585 M.
435 3534 470 3590 X.
490 3538 523 3585 45
539 3535 658 3586 Bdedm.
680 3533 692 3604 11
