2576 4044
423 217 604 268 unnuvnns
623 205 812 288 [onrauvs]
1010 207 1073 273 397

156 370 277 417 nutam.
295 367 326 417 ut
341 357 429 418 missa
445 356 523 436 palia
540 366 584 419 est
598 357 666 419 tabe
681 376 785 420 nessea
801 360 883 422 inlita

59 451 68 459 ’
158 440 352 521 thalamisque
368 458 505 502 maerens
522 441 607 503 intuli
622 461 756 520 gressum
773 447 862 507 meis:

156 528 257 590 nescio
273 526 343 607 quid
360 528 474 588 animus
490 523 595 587 tim‘uu.
629 545 670 588 un
686 527 820 593 fraudem
836 530 940 591 struit?

156 612 229 674 tibet
243 612 382 690 experiri.
412 609 525 671 solibus
541 613 624 672 uirus
639 613 736 672 terum

155 697 342 775 flammisque
357 696 468 758 Nessus
482 698 656 775 sauguinem
672 697 788 758 ostendi
802 701 906 759 arcuit.

156 783 206 843 hie
220 783 284 860 ipse
299 780 420 842 fraudes
436 799 500 841 esse
516 783 704 860 praemonuit
720 781 814 843 dolus.

157 874 186 927 et
202 867 277 926 sorte
293 865 372 931 nulla
389 864 467 926 nube
483 883 639 943 respersus
655 866 741 927 iubar

155 950 273 1011 laxabat
288 951 395 1010 ardens
411 949 558 1011 feruidum
575 950 660 1011 Titan
676 951 764 1012 diem.

155 1036 269 1097 medios
285 1035 313 1094 in
330 1036 413 1111 ignes
429 1033 499 1095 solis
514 1043 543 1096 et
558 1035 668 1097 claram
684 1036 777 1097 sanem

157 1137 217 1201 quo
232 1120 322 1179 tincta
339 1118 436 1180 suerat
452 1119 526 1197 palia
543 1123 694 1199 pestisque
709 1120 788 1182 inlita

159 1204 292 1264 abiectus
308 1204 411 1264 horret
427 1206 546 1282 sanguis
563 1214 591 1264 et
605 1204 717 1265 Phoebi
734 1223 817 1266 coma

158 1289 321 1366 tepefactus
337 1293 417 1349 arsit.
448 1291 496 1350 uix
512 1307 589 1365 queo
606 1299 770 1350 monstrum
787 1290 901 1370 eloqui,

156 1374 208 1432 uix
223 1390 274 1432 ora
290 1371 365 1432 solui
380 1372 490 1449 patitur
507 1374 665 1433 etiamnum
682 1375 780 1433 timor.

156 1459 242 1516 niues
262 1463 294 1517 ut
309 1474 399 1517 eurus
414 1456 503 1517 soluit
518 1465 569 1518 aut
583 1456 701 1533 tepidus
717 1465 803 1518 notus

156 1558 230 1618 utras
246 1558 316 1601 uere
333 1542 428 1618 primo
443 1541 577 1602 lubricus
591 1542 690 1619 perdit
704 1542 829 1604 Mimans

156 1632 245 1704 utque
262 1624 397 1686 euolutos
412 1627 521 1703 frangit
534 1629 615 1687 ionio
630 1626 692 1687 saio

155 1711 289 1789 opposita
304 1710 413 1772 fluetus
428 1711 540 1772 Leucas
557 1720 586 1772 et
601 1710 694 1772 lassus
710 1720 808 1773 tumor

155 1796 184 1855 in
202 1794 288 1856 litore
304 1797 369 1873 ipso
384 1803 503 1874 spumat
518 1805 570 1856 aut
584 1795 761 1857 caelestibus

155 1897 274 1959 aspersa
290 1880 392 1957 tepide
408 1890 473 1940 tura
489 1880 624 1941 laxantur
640 1882 727 1943 t'nois:

154 1965 197 2024 sio
211 1964 333 2042 languet
347 1982 435 2025 omne
450 1964 546 2025 neilus
562 1973 591 2025 et
605 1965 703 2044 perdit
718 1983 819 2027 eomas

154 2047 284 2127 dumque
301 2050 355 2109 ista
371 2054 476 2117 miror,
501 2067 589 2110 causa
606 2050 732 2110 mirandi
748 2052 832 2127 perit.

223 2284 270 2332 721
294 2298 404 2334 merens
426 2284 451 2333 E
481 2284 593 2334 demens
616 2286 641 2334 A
673 2293 809 2349 amensrp
838 2283 850 2351 Η
879 2287 928 2336 722
952 2292 980 2336 et
998 2287 1032 2338 fr.
1051 2305 1072 2338 m

153 2347 944 2486 dudetiiti‘iidt2⁸i‘iiiattii³aiiitiiit
960 2355 1072 2472 diiii}

153 2487 304 2548 interpretis
340 2488 431 2536 atatim
450 2486 573 2538 scholion.
597 2483 609 2551 Η
632 2489 682 2537 725
705 2487 783 2537 dolus
805 2488 831 2537 Ε
853 2488 921 2538 deus
938 2490 964 2539 A
987 2486 999 2556 Η
1022 2492 1072 2541 726

153 2553 192 2602 Et
209 2568 231 2602 ω
246 2551 290 2601 Vt
332 2554 382 2606 Ha.
402 2549 414 2619 Η
431 2569 587 2619 respersum
604 2554 630 2603 E
648 2570 789 2621 respersus
806 2555 832 2604 A
849 2552 861 2621 Η
878 2558 927 2607 728
942 2565 1004 2621 poet
1021 2560 1071 2609 732

154 2621 247 2670 traieci
256 2615 269 2686 Η
286 2623 335 2671 720
355 2626 383 2670 ot
401 2621 507 2672 alaram
525 2624 551 2673 A
570 2623 690 2673 eicerem
708 2623 733 2672 E
753 2629 781 2673 at
798 2623 952 2675 aetheriam
969 2626 1046 2680 NHa.
1063 2624 1072 2692 Η

154 2688 202 2738 731
225 2688 361 2738 Abieetus
385 2689 410 2741 h.
434 2692 548 2754 sanguis
571 2689 622 2739 ΕΑ
652 2691 797 2742 Abieetum
820 2691 847 2740 h.
865 2692 941 2742 uirus
964 2693 1071 2759 RMop.

152 2755 237 2805 Baar'l.
255 2772 302 2820 mp.
316 2757 382 2806 Pali.
401 2760 503 2823 quidam
522 2758 675 2820 (abiectum
692 2763 734 2809 uei
751 2759 873 2821 abiecta)
894 2763 994 2826 quidam
1011 2779 1034 2816 o.
1055 2766 1071 2814 l.

151 2824 238 2873 Delrii
252 2820 264 2889 Η
282 2828 388 2874 nomam
406 2824 457 2888 Ep
476 2841 554 2877 coma
573 2827 597 2876 A
615 2822 627 2892 Η
645 2829 693 2878 732
711 2828 899 2892 'repetentum
917 2828 988 2894 Moy.
1007 2832 1073 2880 idem

151 2893 219 2942 Part
247 2889 260 2959 Η
289 2893 371 2943 astris
394 2891 452 2958 Ep
471 2894 554 2945 IPau.
589 2894 668 2943 ardet
694 2897 718 2944 A
756 2896 838 2944 arsit
863 2898 958 2959 reripri
985 2893 996 2962 Η
1024 2899 1072 2947 uix

152 2975 259 3026 quoqne
287 2965 438 3012 monstrum
462 2961 556 3013 eloeor
583 2961 609 3011 Ε
639 2977 752 3027 quoque
781 2966 824 3011 est
851 2978 885 3011 m.
915 2962 941 3011 Ε
958 2970 976 3015 t.
994 2965 1070 3015 NHr.

151 3031 199 3078 uix
218 3042 288 3092 queo
306 3043 341 3079 m.
359 3028 452 3094 eloqui
473 3030 494 3079 A
518 3027 530 3094 Η
553 3033 603 3082 733
620 3036 651 3080 ut
670 3046 693 3080 e.
711 3046 733 3081 s.
754 3032 844 3081 autA
869 3035 897 3080 et
916 3044 939 3082 e.
959 3045 980 3080 s.
1000 3037 1028 3082 et
1046 3033 1071 3082 Ε

153 3102 181 3145 et
199 3112 223 3148 e.
241 3110 262 3147 s.
283 3100 332 3146 aut
350 3093 421 3161 (?)p
450 3103 479 3146 ut
499 3113 523 3150 e.
542 3113 563 3148 s.
583 3114 616 3148 ee
634 3099 658 3148 R
686 3103 717 3148 ut
734 3099 767 3148 E.
788 3113 809 3147 s.
828 3101 864 3146 ut
881 3096 951 3149 Bau.
980 3095 992 3164 Η
1022 3102 1071 3151 734

151 3162 261 3213 lucidus
278 3163 304 3212 Ε
321 3164 444 3214 lubricus
462 3166 488 3215 A
504 3161 516 3232 Η
533 3170 621 3215 minas
639 3166 664 3214 Ε
677 3166 738 3216 1710
759 3165 854 3214 minax
872 3164 894 3214 17
916 3166 1002 3217 minas
1022 3168 1071 3232 09

152 3230 251 3280 Mimas
269 3230 295 3279 A
326 3233 455 3282 Mimans
477 3234 571 3296 scripsi
593 3232 605 3299 Η
629 3236 678 3284 730
701 3231 828 3283 euointus
846 3233 872 3283 Ε
901 3234 1026 3285 auolntos
1045 3238 1069 3285 A

153 3297 294 3347 innodatos
312 3299 480 3364 Soatiperana
496 3297 508 3366 Η
528 3302 577 3351 730
596 3302 685 3352 lassus
704 3300 754 3363 Εψ
773 3299 867 3364 lapsus
885 3300 910 3349 A
931 3297 943 3361 Η
964 3303 1014 3352 738
1031 3307 1070 3354 te·

153 3363 216 3430 pido
235 3364 260 3413 E
278 3367 381 3431 tepidis
402 3369 424 3417 A
443 3368 544 3433 tepida
561 3371 657 3433 scripsi
671 3365 683 3434 Η
700 3370 749 3420 733
767 3367 857 3417 uellus
876 3368 900 3416 Ε
923 3369 999 3418 uirus
1018 3373 1043 3419 A
1061 3370 1069 3435 Η

154 3446 247 3482 eomas
265 3431 331 3484 Eun
348 3450 453 3486 comam
472 3436 498 3485 A
510 3432 521 3502 Η
534 3439 584 3488 740
600 3443 660 3500 poor
677 3454 703 3487 a.
723 3438 773 3487 742
790 3442 891 3499 transp.
909 3433 960 3488 Bo.
984 3433 996 3502 Η
1020 3441 1070 3491 740

153 3500 215 3565 ipsa
233 3499 285 3553 EA
303 3501 370 3554 iste
390 3502 467 3552 NHa.
490 3499 502 3570 Η

1092 374 1142 424 720
