2536 4046
419 312 601 361 nsacvcss
618 296 782 384 [ornans]

138 472 211 515 cum
225 449 318 514 semol
333 453 429 521 uenit,
445 453 555 530 poterit
568 453 690 513 reuerti.

140 538 212 619 quid
226 539 310 598 iuuat
324 537 422 598 dirum
438 553 601 616 properare
617 536 727 597 latum?

14 742 17 745 -
99 716 128 775 θ’
186 705 290 766 Omnis
304 705 382 766 haec
396 706 511 782 magnis
525 722 600 783 uaga
617 705 702 765 turba
719 705 808 766 terris

139 790 196 851 ibit
212 791 247 851 ad
264 808 366 852 manes
381 789 527 867 facietque
543 791 630 849 inerti

141 874 209 937 uela
225 875 344 956 Cocyto.
375 873 427 934 tihi
442 874 549 934 crescit
564 891 661 944 omne,

140 969 173 1022 et
187 958 267 1040 quod
283 977 405 1020 occasus
419 959 502 1019 uidet
517 965 546 1018 et
561 958 641 1036 quod
656 965 748 1019 orius.

98 1130 128 1189 d'
185 1127 280 1189 Parce
294 1127 437 1188 uenturis.
470 1126 523 1188 tibi
538 1144 619 1187 mors
633 1144 784 1205 paramur.

140 1213 186 1273 sic
202 1211 272 1274 licet
287 1214 400 1290 segnis,
416 1229 614 1291 properamus
629 1213 695 1290 ipsi.

30 1352 37 1367 ‚
62 1304 69 1316 “
139 1297 238 1377 prima
254 1313 329 1375 quae
344 1299 435 1358 uitam
451 1295 531 1357 dedit
544 1295 635 1366 hora,
652 1296 755 1375 carpit.

94 1491 122 1543 f⁰
314 1480 424 1543 Thebis
438 1480 514 1543 laeta
531 1480 595 1542 dies
610 1480 702 1541 adest.

271 1584 337 1627 aras
351 1566 463 1643 tangite
478 1565 639 1645 supplices.

270 1651 394 1729 pingues
409 1650 522 1711 caedite
537 1652 682 1711 uictimas.

271 1737 434 1814 permixtae
449 1734 580 1795 maribus
596 1751 689 1795 nurus

271 1817 419 1880 solemnes
434 1821 546 1897 agitent
561 1819 678 1880 choros.

271 1912 387 1965 cessent
403 1903 538 1982 deposito
552 1905 622 1980 iugo
729 1958 741 1972 ,

272 1990 336 2049 arui
351 1987 457 2049 fertilis
472 1986 594 2049 incolae.

313 2157 374 2217 Pax
390 2164 435 2216 est
449 2156 590 2218 herculea
605 2175 696 2218 manu

270 2243 416 2302 Auroram
431 2241 508 2301 inter
524 2250 553 2302 et
568 2241 734 2319 Hesperum

272 2333 373 2403 etqua
389 2324 434 2387 sol
449 2325 578 2387 medium
595 2334 698 2386 tenens

270 2410 392 2471 umbras
407 2409 584 2488 corporibus
600 2417 696 2487 negat.

272 2494 480 2573 quodcumque
495 2494 626 2556 adluitur
641 2492 736 2554 solum

271 2577 361 2656 longo
376 2579 504 2658 Tethyos
520 2578 641 2647 ambitu,

270 2660 389 2724 Alcidae
405 2663 519 2725 domuit
533 2663 629 2725 labor.

313 2832 514 2893 Transucotus
530 2832 605 2892 uada
620 2832 746 2902 Tartari,

271 2917 381 2992 pacatis
396 2916 475 2977 redit
489 2916 601 2976 inieris,

209 3102 261 3153 870
284 3102 374 3166 potuit
391 3117 414 3152 ω
442 3103 559 3167 poterit
576 3101 626 3154 Bo.
659 3098 671 3167 ΙΙ
699 3104 748 3153 871
771 3102 859 3152 dirum
886 3104 939 3154 VT
962 3104 1059 3154 durum

138 3170 181 3220 εΑ
241 3171 292 3221 874
311 3173 417 3220 crescet
435 3169 460 3217 E
482 3165 494 3232 ll
517 3172 567 3221 876
585 3176 613 3219 et
626 3170 676 3219 tibi
692 3171 720 3219 V
733 3166 745 3235 ΙΙ
768 3186 897 3235 paramus
913 3173 941 3222 V
949 3179 976 3222 ut
988 3175 1058 3223 uide·

138 3245 184 3287 tur
241 3236 306 3289 876¹>
318 3246 344 3288 et
361 3239 423 3289 877·
435 3243 496 3301 poet
513 3239 575 3289 874⁸
592 3240 793 3302 interponendas
806 3247 883 3304 putat
900 3238 1018 3293 B.Sclrm.
1036 3237 1049 3305 ll

137 3306 192 3356 878
211 3307 302 3371 carpit
318 3306 368 3370 Εφ
397 3305 503 3370 carpsit
517 3306 567 3370 Αφ
595 3302 606 3371 ΙΙ
635 3305 782 3359 CHORVS
799 3306 849 3358 ER
866 3323 913 3357 one.
928 3311 976 3371 φΑ
1011 3308 1058 3357 Te·

137 3375 274 3423 rentiam
291 3374 402 3424 Maurus
419 3391 444 3423 a.
461 3375 530 3422 2672
549 3374 730 3438 „Exemplum
749 3381 777 3424 at
796 3373 918 3425 Senecae
937 3374 1043 3432 dobo':l

138 3440 246 3491 Thebis
265 3467 294 3478 -
313 3438 475 3491 uictimas.“
513 3437 525 3505 ΙΙ
561 3443 611 3492 879
632 3442 801 3492 Terentianus
818 3459 842 3490 u.
865 3444 934 3491 2786
963 3438 975 3507 ll
1009 3445 1059 3493 880

138 3523 219 3558 oram
235 3508 404 3559 Terentianus
426 3504 438 3575 ΙΙ
467 3506 515 3558 882
533 3510 667 3559 matribus
685 3509 710 3557 E
738 3505 750 3574 ΙΙ
779 3512 829 3560 890
847 3509 963 3559 alluitur
981 3509 1058 3574 EVrp

138 3575 266 3626 abluitur
283 3578 309 3626 A
333 3573 346 3642 ll
528 3574 530 3578 ’
