2504 4040
178 196 241 263 278
456 213 487 260 u.
512 213 645 261 sumam
668 214 825 265 suuuouu

179 357 275 426 uiuat,
292 372 346 433 per
362 353 452 415 urbes
468 360 549 415 erret
563 355 681 432 ignotas
697 373 787 435 egeus
820 414 824 419 .

180 439 247 500 exul
262 457 376 519 pauens
391 441 504 500 inuisus
519 439 626 500 incerti
641 439 725 512 laris,

179 543 226 585 me
242 526 398 603 coniugem
414 530 512 602 optet,
527 522 619 584 limen
635 524 763 587 alienum
781 536 898 606 expetat

177 612 235 669 iam
251 616 338 670 notus
354 610 478 688 hospes
496 626 616 687 quoque
632 628 691 670 uon
707 610 784 673 aliud
801 632 908 691 queam

178 697 263 773 peius
278 696 410 773 precari,
427 693 537 756 liberos
553 694 666 755 similes
681 698 757 772 patri

177 779 347 860 similesque
361 781 457 840 matri.
490 786 573 856 parta
590 780 647 839 iam
664 789 747 858 parta
764 780 837 842 uitio
853 792 912 842 est:

178 866 291 943 peperi.
323 863 458 942 querelas
473 864 629 940 uerbaque
644 866 792 925 ineassum
808 885 886 927 sero.
906 902 941 911 -

142 950 169 1008 b'
221 949 286 1009 Non
302 948 350 1009 ibo
366 952 395 1008 in
411 949 528 1009 hostes?
551 949 688 1010 manibus
699 952 848 1011 ¹excutiam
866 950 944 1012 iaces

178 1032 319 1111 caeloque
334 1032 450 1095 lucem?
473 1042 587 1110 spectat
601 1035 661 1094 hoo
675 1037 769 1096 nostri
784 1043 864 1095 sator

178 1118 228 1179 Sol
244 1118 362 1196 generis
378 1116 407 1179 et
421 1125 572 1196 spectatur
589 1128 619 1179 et
634 1138 725 1181 eurru
740 1120 871 1180 insidens

178 1223 232 1282 per
248 1202 331 1263 solita
348 1204 415 1283 puri
431 1204 524 1283 spatia
541 1203 674 1265 decurrit
688 1203 766 1286 polii

177 1306 239 1349 uon
254 1288 332 1348 redit
347 1290 375 1348 iu
392 1298 474 1348 ortus
490 1299 519 1351 et
533 1292 688 1350 remetitur
705 1289 800 1349 diem?

177 1374 213 1433 ila
229 1373 265 1433 da
281 1390 438 1450 perauras
454 1373 592 1435 curribus
607 1375 712 1453 patriis
728 1374 807 1434 uelii.

177 1462 319 1518 conmitte
336 1458 467 1520 habenas
484 1459 601 1535 genitor
619 1468 649 1520 et
663 1458 856 1537 flagrantibus

177 1542 301 1620 igoilera
316 1541 388 1603 loris
402 1544 501 1603 tribue
517 1542 666 1604 moderari
683 1546 759 1621 iuga.

179 1626 311 1707 [gremino
327 1629 484 1689 Corinthos
498 1630 583 1692 illuri
598 1646 754 1705 oppoueus
769 1645 872 1689 morus

176 1718 312 1773 cremata
324 1717 454 1789 flammis
470 1717 570 1775 morie
586 1717 751 1775 conmittet
767 1711 852 1793 duo]

144 1820 160 1853 o
220 1797 283 1857 Hoc
298 1806 390 1858 restat
405 1815 512 1869 unum,
529 1798 697 1875 pronubam
714 1796 842 1857 tlralamo
858 1797 950 1858 leram

177 1891 210 1941 ut
224 1883 285 1961 ipsa
301 1884 403 1962 pinum
420 1891 547 1963 postque
563 1883 710 1944 saoritloas
726 1901 831 1961 preces

178 1966 298 2027 caedam
315 1967 417 2028 dicatis
431 1970 569 2029 uictimas
585 1967 736 2028 altaribus.

177 2070 231 2129 per
246 2053 363 2115 uiscera
382 2054 444 2130 ipsa
462 2071 572 2130 quaere
587 2052 731 2131 supplicio
748 2053 836 2113 uiam.

178 2139 203 2197 si
218 2137 294 2197 uiuis
310 2140 407 2199 anime
423 2139 447 2199 si
464 2137 534 2217 quid
551 2139 663 2218 antiqui
678 2136 731 2197 tibi

178 2231 312 2283 remanet
329 2224 456 2302 uigoris,
475 2222 551 2302 pelle
568 2225 711 2285 lemineos
726 2229 832 2282 metus.

182 2305 225 2386 [et
237 2310 449 2386 inhospitalem
466 2312 635 2372 Caucasum
650 2315 748 2368 mente
762 2304 867 2386 indue]

146 2390 169 2448 η’
223 2391 436 2473 Quodcumque
451 2394 525 2455 uidit
539 2395 652 2455 Pontus
667 2401 719 2452 aut
732 2391 834 2452 Phasis
850 2390 947 2459 nolas,

180 2476 290 2538 uidebit
305 2479 440 2541 isthmos,
472 2480 563 2541 effera
578 2481 678 2556 ignota
696 2475 818 2538 horrida

179 2564 332 2623 tremenda
349 2566 430 2625 caelo
446 2565 557 2644 pariter
573 2583 608 2624 ae
623 2564 711 2623 terris
726 2559 802 2622 mala

182 2732 384 2742 wm-

246 2869 279 2916 20
301 2842 376 2919 θπὲῑ
393 2868 418 2918 Ε
444 2870 471 2932 (e
490 2885 559 2933 supe.
580 2871 595 2917 2
614 2865 658 2931 m.)
690 2868 764 2915 erret
781 2866 807 2914 Α
835 2861 840 2930 Ι
876 2866 909 2915 25
928 2864 1022 2929 periet
1039 2862 1065 2912 Ε
1084 2849 1098 2926 ΙΙ

179 2932 248 2983 uitio
267 2930 314 3000 ΕΗ
326 2937 359 2987 29
378 2943 518 3002 spectator
536 2937 562 2988 Α
581 2937 725 3001 spectatur
741 2933 827 2983 ΛΕῗε
850 2927 855 2999 Ι
877 2947 971 2982 currus
990 2931 1014 2980 E
1034 2927 1046 2997 Η
1067 2934 1101 2982 to

180 3003 259 3050 curui
281 3003 321 3051 ilfi
349 3001 361 3070 Η
390 3007 421 3055 31
446 3019 519 3055 nuno
542 3004 582 3054 ΛΕ
612 3018 675 3051 num
695 3002 720 3051 Α
750 3016 804 3051 non
826 3008 865 3065 ψε
894 2996 906 3067 Η
935 2995 1101 3061 rellmetitur

181 3065 210 3130 ((1
228 3068 308 3134 erus.)
327 3071 352 3120 Ε
363 3068 376 3138 Η
388 3075 420 3122 32
438 3073 528 3139 patris
546 3072 571 3121 Α
590 3070 689 3136 patriis
708 3071 739 3121 ci.
759 3070 833 3132 Llps.
854 3063 891 3134 εΗ
909 3068 941 3119 35
959 3068 992 3117 36
1009 3082 1101 3116 uersus

179 3136 227 3185 lroo
250 3140 305 3189 loeo
329 3141 431 3204 ineptos
453 3142 523 3190 uncis
545 3141 644 3190 inclusi.
669 3139 754 3187 nescio
777 3153 810 3186 uu
833 3137 951 3201 ponendi
967 3137 1019 3184 siut
1037 3140 1099 3198 port

179 3221 204 3254 u.
226 3205 283 3256 147.
318 3207 353 3271 ef.
379 3206 450 3259 Ouid.
474 3206 629 3260 mel-VII.
654 3208 720 3256 395.-
749 3205 969 3270 flagrantemqua
991 3201 1100 3253 domum

180 3274 255 3339 regis
273 3289 348 3324 mare
367 3275 444 3325 uidet
462 3280 615 3337 utrumque.
628 3270 640 3340 Η
653 3273 808 3323 committat
825 3273 867 3322 Αε
886 3270 1049 3321 committet
1066 3271 1099 3322 ei.

181 3376 255 3440 Lips.
279 3372 291 3442 Η
314 3378 346 3427 ti
365 3377 516 3441 pronubam
534 3376 584 3439 Εψ
602 3375 755 3440 pronubum
775 3375 799 3424 A
823 3369 836 3440 Η
857 3375 891 3423 43
910 3348 1055 3423 causostem
1074 3371 1101 3420 Ε

182 3445 208 3504 (o
226 3459 309 3508 sprer.
329 3460 360 3497 m.
381 3441 411 3508 3)
434 3460 534 3494 uersum
556 3445 648 3494 deterri.
672 3440 684 3510 Η
706 3445 741 3493 44
764 3442 860 3508 phasis
885 3444 933 3490 aut
955 3443 1054 3506 pontus
1073 3439 1100 3490 A

179 3514 279 3573 pontus
298 3527 323 3561 e.
343 3511 389 3576 ph.
411 3510 434 3559 Ε
459 3507 470 3577 Η
