2536 4046
382 1127 738 1213 lPRAEFATIffl

140 1466 252 1539 Decem
265 1479 381 1542 illarum,
399 1481 458 1535 sine
471 1480 595 1536 undecim
608 1478 698 1535 dicere
709 1481 806 1543 manis.
825 1481 1026 1557 tragoediarum

78 1582 138 1621 cum
153 1565 182 1621 t.
197 1567 300 1620 Annaei
317 1564 434 1621 Senecae
456 1566 566 1620 nomine
587 1563 620 1619 ab
641 1564 838 1638 antiquissimis
854 1568 1025 1641 temporibus

76 1652 282 1707 coniunctorum
305 1646 447 1723 duplex
469 1658 512 1705 est
533 1646 654 1704 inlibris
672 1665 752 1704 manu
770 1652 880 1725 scriptis
895 1651 1024 1711 textus

75 1730 268 1804 recensio,
291 1733 377 1789 altera
401 1728 465 1810 [E]
489 1733 672 1795 emendatior,
700 1733 820 1790 deterior
840 1735 923 1791 altera
947 1731 1023 1813 [A].
1117 1755 1121 1761 ·

75 1828 192 1892 utroque
205 1817 300 1892 primis
317 1818 397 1874 buius
413 1820 510 1874 aetatis
522 1816 639 1874 saeculis
656 1818 779 1875 oriunda.
802 1820 843 1875 Ad
859 1820 932 1875 illam
947 1837 1026 1895 prae·

76 1910 294 1976 terexoerpta
311 1902 447 1959 codicis
461 1903 687 1958 thuaneiunus
699 1905 819 1976 pertinet
830 1904 1025 1962 codexlltru-
1048 1960 1050 1963 .

74 2005 156 2044 sous
186 1989 244 2043 siue
270 1986 504 2043 Florentiuus
532 1987 717 2043 laurentianae
743 1987 926 2045 bibliothecae
954 1990 1024 2063 plut.

72 2071 199 2133 xxxvii.
217 2071 271 2133 13,
294 2071 376 2127 huius
400 2072 595 2144 —uolgarem
616 2072 787 2127 dicimus-
811 2082 839 2129 et
860 2073 947 2130 lolia
968 2091 1023 2129 re-

72 2160 213 2229 scripta
229 2163 293 2211 sunt
305 2174 320 2212 a
331 2155 470 2212 Fritlerico
483 2154 631 2212 Bitschelio
648 2158 720 2211 inter
736 2156 923 2214 ambrosianas
935 2157 1024 2215 Plauti

72 2241 244 2297 membranas
265 2248 372 2315 reperta
394 2248 422 2296 et
444 2240 506 2296 alii
529 2248 705 2315 quotquot
723 2250 770 2297 aut
786 2243 837 2315 ipsi
854 2242 1022 2317 inspeximus

71 2334 120 2382 aut
142 2325 174 2381 ab
195 2323 256 2381 aliis
280 2326 420 2399 inspectos
441 2328 543 2381 scimus
565 2324 667 2381 saeculi
688 2325 733 2381 uel
753 2342 827 2382 x1n1
850 2328 894 2382 uel
916 2343 957 2382 xv
978 2326 1023 2381 uel

70 2427 126 2468 xu1
142 2410 200 2466 iere
215 2403 354 2481 omnes*).

136 2494 253 2550 Prorsus
268 2493 377 2550 diuersa
392 2509 454 2549 esse
476 2495 548 2549 inter
565 2509 594 2549 se
609 2493 663 2549 duo
680 2510 750 2567 quae
765 2493 882 2549 diximus
897 2493 1022 2551 codicum

69 2595 233 2651 generares
252 2587 293 2634 est
309 2578 490 2653 apertissima.
526 2578 591 2633 Nam
609 2586 640 2633 nt
655 2578 687 2633 de
704 2577 815 2634 Octauia
832 2585 967 2635 taceamus
989 2579 1022 2636 ab

67 2665 98 2719 E
118 2662 221 2724 aliena,
248 2679 309 2719 cum
331 2663 458 2719 omnibus
479 2661 541 2719 aliis
557 2661 635 2718 libris
656 2662 793 2737 adscripta
815 2666 865 2725 sit.
893 2665 925 2720 de
947 2664 1022 2721 lacu·

66 2745 172 2818 nis**)
194 2746 354 2821 quibusdam
376 2747 548 2822 gravioribus
573 2747 672 2821 quibus
696 2748 725 2801 Ε
744 2747 840 2804 allecta
862 2757 904 2804 est
924 2748 970 2805 ubi
992 2751 1021 2805 in

65 2832 191 2889 librisA
213 2834 382 2889 recensionis
404 2835 511 2906 integer
526 2832 638 2888 relictus
662 2839 704 2888 est
720 2835 854 2889 sermonis
876 2840 1021 2890 contextus

137 3031 165 3096 *)
178 3032 315 3083 Recensio
328 3031 353 3080 Α
367 3047 428 3081 oum
441 2994 608 3097 eliqulotiens
621 3032 695 3096 typis
708 3035 783 3081 esset
795 3031 951 3097 descripte,
964 3032 1018 3096 pri-

63 3114 139 3151 mum
159 3100 195 3150 ab
208 3100 244 3149 H.
258 3100 379 3149 anantio
392 3100 542 3149 seeundum
555 3100 704 3150 seuerioris
719 3101 789 3149 artis
805 3099 883 3164 leges
896 3100 1021 3164 expolite

67 3169 109 3231 (in
123 3167 188 3217 aed.
200 3166 264 3217 Aldi
278 3183 302 3217 e.
316 3167 431 3232 uuxvn)
450 3168 568 3231 omnium
586 3167 718 3232 deinceps
731 3167 866 3216 editorum
882 3182 969 3232 usque
983 3168 1019 3217 ad

62 3237 117 3286 hoe
130 3239 241 3301 tempus
255 3234 453 3300 exemplarium
467 3234 675 3285 fundumentum
688 3239 756 3284 erat.
786 3235 895 3285 Etenim
908 3250 942 3285 ne
955 3241 1020 3300 post

62 3303 244 3354 florentinum
262 3303 372 3366 quidem
389 3307 528 3368 repertum
546 3303 692 3367 quisquam
711 3303 846 3352 editorum
864 3318 881 3352 e
894 3319 923 3353 se
941 3303 1018 3368 inpe-

62 3376 141 3422 trare
155 3373 261 3435 potuit,
273 3376 304 3420 ut
316 3375 422 3421 textum
434 3370 641 3436 tragoediarum
656 3369 690 3419 ed
702 3371 942 3435 praestantissimi
953 3370 1020 3419 libri

62 3454 192 3490 normam
204 3439 252 3488 uia
266 3454 300 3488 ac
312 3440 422 3489 ratione
436 3440 629 3490 constitueret.

131 3504 174 3571 “)
193 3506 230 3558 of.
249 3506 302 3556 Har
321 3504 478 3572 (signorum
496 3511 674 3572 conspectum
690 3521 716 3556 u.
735 3522 760 3571 p.
779 3506 846 3571 503)
865 3502 1018 3556 aio-442.

773 3662 812 3718 a*
