2536 4046
205 197 248 260 40
486 211 516 258 n.
534 210 669 258 aunem
685 208 843 257 sennenn

171 384 186 419 e
588 348 647 409 Sed
663 347 748 426 quid
764 348 851 409 hocf
872 348 1001 411 medium
1011 353 1129 426 polum

204 435 325 494 cinxere
339 431 491 499 tenebrae.
520 433 659 494 Phoebus
674 432 802 494 obscure
818 443 897 494 meat

204 520 269 580 sine
284 516 365 578 nube
380 517 474 578 uultu.
499 520 565 597 quis
580 518 658 578 diem
672 518 852 597 retrcfugat

205 604 324 681 agitque
339 604 369 662 in
385 602 486 662 ortusf
501 603 580 663 unde
595 620 655 662 nex
670 609 767 662 atrum
783 610 873 685 caput

204 689 308 764 ignota
323 686 456 766 profert?
470 687 549 749 unde
565 695 609 748 tot
623 685 724 747 stellae
739 685 840 766 polum

204 770 317 852 inplent
332 772 473 832 diurnae‘f
489 775 604 850 primus
619 789 656 832 en
672 780 773 832 noster
788 770 873 832 labor

205 856 279 917 caeli
294 855 423 935 refulget
438 864 522 933 parte
538 875 597 916 nnn
613 857 734 916 minime
749 855 797 916 leo

203 942 307 1020 iraque
321 949 400 1001 tetus
415 941 513 1001 feruet
527 949 561 1002 et
571 959 689 1001 morsus
704 948 798 1020 parat.

171 1025 194 1085 θ’
246 1026 306 1087 lam
322 1027 418 1104 rapiet
432 1024 551 1105 aliquod
566 1024 658 1086 sidus.
689 1025 801 1101 ingenti
817 1025 914 1086 minax

204 1116 262 1170 stat
276 1127 329 1169 cre
345 1118 374 1170 et
388 1110 472 1187 ignes
488 1109 568 1169 efflat
583 1117 612 1169 et
626 1110 745 1170 rutilam
760 1108 860 1170 iubam

204 1196 322 1255 ceruice
337 1195 448 1255 iactans
464 1194 603 1273 quicquid
618 1203 778 1255 autumnus
794 1196 894 1272 grauis

203 1278 357 1358 hiemsque
373 1278 470 1356 gelide
486 1279 629 1355 fulgidum
644 1281 739 1358 spatio
754 1280 856 1349 refert,

191 1360 262 1424 'uno
278 1365 389 1442 impetu
404 1363 550 1424 transiliet
566 1372 595 1423 et
609 1367 695 1425 nerui
711 1371 791 1441 petet

202 1448 379 1527 frangetque
394 1450 471 1509 tauri
486 1448 571 1510 colla.

202 1544 312 1592 auen.
588 1532 684 1612 qucd
699 1530 829 1605 subitum
845 1530 914 1593 hcc
929 1530 1038 1595 malum
1055 1533 1123 1592 est?

202 1634 263 1696 quo
278 1624 367 1693 gnate
381 1614 482 1676 uultus
497 1617 556 1677 huc
571 1628 600 1678 et
614 1617 673 1677 huc
687 1634 772 1678 acres
786 1615 882 1677 refers

202 1701 325 1778 acieque
341 1699 446 1760 falsum
462 1701 579 1763 turbide
595 1701 710 1762 caelum
726 1701 828 1762 uides?

169 1801 183 1850 f
244 1795 348 1846 Hunc,
376 1784 544 1847 Perdomita
560 1786 661 1856 tellus,
678 1785 788 1846 tumida
806 1793 960 1846 cesserunt
974 1785 1059 1846 freta.
1142 1803 1193 1853 960

201 1870 315 1930 inferna
331 1878 450 1930 nosnos
464 1889 556 1948 regna
572 1889 692 1932 sensere
707 1871 849 1948 impetus:

201 1957 322 2014 inmune
337 1953 450 2016 caelum
468 1963 512 2017 est
526 1956 632 2035 dignus
647 1954 766 2016 Alcidae
781 1953 875 2016 labor.

200 2040 231 2099 in
247 2037 304 2098 alta
320 2039 423 2099 mnndi
438 2042 531 2118 spatia
547 2040 682 2109 sublimis
697 2040 788 2101 ferar.

200 2130 319 2201 petatur
335 2123 447 2185 aether.
476 2132 555 2185 astra
569 2126 714 2205 promittit
728 2132 822 2202 pater.

91 2238 93 2241 ·
159 2214 184 2273 f'
244 2207 320 2278 Quid
336 2208 360 2269 si
377 2210 517 2287 negaret?
537 2228 595 2271 non
612 2211 690 2289 capit
703 2217 783 2269 terra
799 2207 957 2269 Herculem
1140 2226 1193 2275 scr,
1246 2252 1248 2277 t

201 2293 380 2374 tandemque
396 2295 512 2373 superis
526 2295 633 2356 reddit.
665 2312 702 2355 en
719 2293 795 2353 ultre
811 2301 898 2355 uocat

201 2380 297 2439 omnis
312 2379 435 2440 deorum
451 2388 552 2442 coetus
568 2388 597 2440 et
611 2378 690 2441 laxat
706 2376 786 2440 feres

200 2480 260 2523 una
275 2471 403 2524 uetante.
434 2467 541 2543 recipis
557 2474 587 2526 et
600 2481 717 2526 reseras
732 2461 835 2541 polum

201 2563 239 2605 an
254 2549 437 2607 contumacis
459 2550 574 2610 ianuam
592 2547 693 2610 mundi
710 2547 813 2608 trahel

175 2645 190 2694 f
247 2629 402 2691 Dubitetur
418 2634 524 2693 etiam?
546 2633 642 2694 uincla
658 2634 785 2693 Saturno
801 2636 907 2693 exuam
1136 2651 1190 2699 970

205 2721 367 2793 contraque
384 2717 473 2791 patris
488 2719 562 2796 inpii
577 2735 703 2794 regnum
718 2719 856 2796 inpotens

202 2816 289 2859 nuum
307 2797 464 2861 resoluam.
489 2800 566 2862 bella
581 2801 700 2863 Titanes
714 2810 822 2879 parent

202 2901 249 2943 me
265 2883 340 2944 duce
356 2883 497 2946 furentes.
521 2903 590 2947 saxa
606 2904 672 2948 cum
688 2886 771 2948 siluis
786 2886 880 2948 feram

269 3073 319 3121 944
336 3071 409 3121 diem
426 3087 448 3119 ω
470 3071 581 3137 polum
596 3074 692 3135 scripsi
719 3068 731 3139 ΙΙ
759 3073 809 3124 946
827 3072 888 3205 quis
906 3071 984 3135 EVq
1007 3068 1072 3136 qnid
1091 3071 1117 3119 A

201 3138 334 3205 fugietE
363 3135 375 3204 ll
403 3141 452 3190 952
470 3139 644 3205 repietEV¹
666 3142 759 3204 replet
776 3140 801 3189 Α
830 3137 835 3205 l
871 3140 921 3190 969
940 3138 1021 3189 efflet
1041 3134 1076 3189 V¹
1094 3134 1106 3202 ll

201 3207 313 3257 rutilam
330 3206 385 3256 EV
406 3206 503 3258 rutilet
515 3208 539 3256 Α
563 3204 575 3275 ll
598 3210 648 3260 966
667 3207 758 3272 gelide
777 3206 880 3272 frigida
899 3224 920 3258 rc
944 3204 1049 3272 (gelide
1067 3203 1119 3254 fri·

201 3275 358 3341 gideflff)
387 3274 545 3339 fulgidum
569 3278 648 3329 little.
680 3272 692 3341 ll
726 3278 776 3328 958
797 3274 982 3337 hucillucq
1015 3272 1069 3322 hnc
1090 3278 1120 3322 et

199 3343 269 3394 illue
287 3342 453 3408 nrmopst
469 3340 539 3405 (illic
561 3344 608 3410 V1)
627 3345 681 3395 huc
699 3350 727 3394 et
744 3345 798 3394 hue
817 3344 857 3394 εΑ
887 3339 899 3408 Η
928 3342 1015 3393 refert
1036 3338 1070 3390 V¹
1094 3334 1107 3404 11

196 3413 251 3461 962
275 3412 387 3478 dignum
403 3410 439 3460 E1
467 3408 479 3478 ΙΙ
507 3415 557 3464 eet
574 3418 665 3463 astres
682 3410 714 3461 Vl
745 3407 757 3477 ΙΙ
789 3412 839 3462 966
862 3410 998 3461 reddetll
1025 3403 1038 3474 ΙΙ
1066 3407 1118 3457 968

200 3479 291 3543 recipi
309 3479 356 3530 sed
374 3478 429 3528 EV
455 3476 468 3546 [Ι
496 3482 546 3531 969
565 3481 638 3530 trahi
660 3482 687 3529 V
711 3478 861 3529 trahemR
889 3475 902 3544 ll
