2544 4046
501 289 680 353 nurusque

123 431 180 491 sed
195 430 306 509 rapior.
332 430 394 490 ime
409 431 504 505 mugit
517 448 535 490 e
549 429 641 492 iundn
657 428 765 500 solum,

122 520 210 576 tonat
225 513 289 575 dies
304 531 430 577 serenus
445 515 563 579 astutis
578 515 685 577 dumus

123 607 159 661 ut
174 599 269 659 fracta
284 599 370 660 tectis
385 600 503 677 crepuit
517 607 547 661 et
560 600 635 661 nuti
649 597 727 663 larus

111 691 247 745 *uertere
263 682 394 746 nultum:
416 684 468 745 fiat
482 683 549 753 heu,
565 684 616 747 fiat
631 683 729 754 nesae,
1064 703 1115 756 235

124 766 207 849 quud
223 766 253 829 di
269 770 388 830 timetis.

81 861 108 921 f'
169 866 245 914 sun.
449 854 563 917 Facere
578 853 650 932 quid
663 852 784 915 tandem
798 853 904 932 paras?

124 950 207 1000 nnn.
241 939 370 999 nescio
391 938 478 1016 quid
500 938 644 1000 animus
664 939 759 999 maius
774 945 805 1000 et
819 934 904 1000 solitu
919 936 1046 1020 amplius

123 1039 278 1101 supraque
293 1023 368 1085 fines
384 1024 475 1085 ureris
490 1022 613 1085 humaui
627 1029 746 1085 tumet

123 1107 275 1187 instatque
289 1108 384 1187 pigris
398 1107 543 1171 manibus.
570 1107 650 1171 haud
665 1108 737 1189 quid
751 1109 790 1170 sit
802 1109 876 1177 ecio,

124 1191 178 1252 sed
195 1190 308 1267 grande
324 1191 465 1271 quiddam
480 1199 535 1255 est.
559 1193 599 1254 ita
614 1194 664 1254 sit·
684 1192 743 1257 hue
757 1194 857 1255 anime
871 1210 995 1272 occupa.
1063 1212 1115 1262 aue

125 1276 250 1354 dignum
266 1283 311 1337 est
325 1277 452 1357 Thyeste
467 1276 582 1339 fanium
597 1284 628 1339 et
641 1277 762 1353 dignum
778 1278 878 1341 Atreu.

88 1394 108 1444 3
155 1358 300 1439 >Vterque
315 1362 411 1425 iaciat.
426 1398 469 1411 -
485 1362 561 1423 uidit
575 1361 713 1423 infandas
725 1361 832 1427 demus

124 1444 244 1525 odrysia
259 1464 386 1508 mensas.
402 1483 447 1494 -
459 1448 571 1517 inteur,
591 1447 711 1509 inmane
726 1454 774 1511 est
785 1444 900 1518 scelus,

124 1529 178 1591 sed
195 1540 386 1609 occupatum:
402 1534 497 1596 maius
511 1531 571 1593 bue
584 1529 693 1610 aliquid
708 1530 794 1593 dulor

124 1616 269 1676 inueniat.
300 1617 430 1678 animum
446 1615 547 1678 Daulis
562 1617 676 1695 inspira
691 1634 802 1697 parens
1059 1636 1111 1686 276

124 1717 282 1778 sororque.
303 1719 390 1763 eausa
408 1699 585 1767 estsimilis:
601 1702 705 1763 assiste
721 1710 751 1763 et
767 1719 887 1763 manum

124 1783 239 1863 inpelle
253 1794 398 1847 nostram.
415 1819 459 1831 —
471 1785 586 1848 liberes
601 1786 707 1849 auidus
719 1794 805 1866 puter

124 1868 318 1949 gaudensque
332 1869 444 1935 laceret
458 1878 489 1935 et
502 1888 574 1933 euos
588 1877 672 1935 artus
686 1870 763 1933 edat.
801 1872 805 1879 '

86 1944 113 2019 ε’
168 1955 251 2015 Bene
266 1963 320 2016 est.
347 1954 467 2019 abunde
482 1961 536 2019 eut
563 1954 612 2016 hic
628 1954 726 2034 piaret
740 1973 855 2036 poenae
871 1955 977 2018 medus

126 2040 280 2118 tantisper.
308 2039 428 2103 ubinam
444 2041 505 2102 esti
520 2047 581 2105 tan
597 2040 649 2102 diu
663 2058 717 2103 eur
731 2042 875 2105 innocens
1060 2059 1112 2109 280

126 2133 265 2185 uersatur
280 2125 404 2187 Atreus?
419 2132 481 2187 tnta
496 2127 554 2187 iarn
570 2132 640 2187 ante
654 2125 758 2188 oeulos
773 2144 856 2188 meus

127 2210 227 2286 imago
243 2209 343 2271 caedis
357 2217 455 2281 errat,
470 2212 587 2288 ingesta
602 2210 714 2273 orbitas

126 2294 158 2353 in
174 2310 226 2353 era
242 2295 343 2373 patris.
371 2297 469 2357 anim
482 2296 554 2375 quid
570 2313 676 2359 rursus
690 2299 778 2381 times

127 2385 157 2439 et
172 2383 240 2437 ante
254 2396 319 2439 renr
335 2378 482 2441 subsidia?
497 2380 667 2442 audendum
683 2387 741 2449 est,
758 2397 822 2457 age.

127 2461 206 2542 quod
223 2470 268 2524 est
282 2464 312 2523 in
327 2465 385 2524 iste
400 2463 520 2548 sceiere
530 2467 725 2543 praecipuum
740 2465 833 2535 nesus,
1062 2481 1115 2532 285

129 2550 187 2607 hee
202 2548 265 2624 ipse
279 2549 383 2611 saciet·

90 2629 109 2679 h
173 2643 248 2694 sar.
453 2634 511 2695 Sed
526 2633 634 2713 quibus
649 2639 752 2712 captus
767 2632 844 2697 dolis

127 2723 246 2777 nostros
261 2716 344 2779 dabit
359 2717 523 2797 perductus
539 2721 568 2780 in
583 2718 705 2798 laqueus
721 2719 844 2798 pedem?

125 2802 244 2863 inimica
260 2803 355 2865 credit
370 2811 488 2866 cuneta.

125 2899 205 2948 nult.
517 2907 577 2949 nun
593 2896 710 2969 peterat
724 2891 799 2970 cepi,

125 2970 182 3031 nisi
198 2987 306 3049 capere
320 2969 419 3034 uellet.
445 2989 538 3050 regna
553 2991 633 3035 nunc
649 2982 777 3053 sperat
792 2991 867 3036 mea.

192 3172 244 3226 268
266 3177 389 3242 timete
417 3180 506 3226 tumet
523 3176 574 3227 Εα
603 3172 615 3243 ΙΙ
643 3178 693 3227 269
712 3156 824 3228 inimus
841 3177 867 3227 E
895 3173 907 3244 ΙΙ
935 3179 987 3229 270
1003 3180 1046 3229 in·

125 3243 185 3306 cipe
204 3244 230 3293 A
265 3259 373 3309 occupa
390 3244 417 3293 Ε
438 3261 480 3298 un.
505 3261 541 3296 ex
562 3246 628 3295 Pali.
664 3241 676 3311 ss
710 3247 760 3295 272
783 3250 899 3312 uterque
917 3246 943 3297 A
990 3246 1045 3297 uod

124 3315 238 3375 uterque
251 3311 277 3361 E
300 3309 311 3378 il
335 3313 385 3363 276
404 3313 524 3362 animum
537 3314 651 3378 gnatitp
675 3328 720 3363 an.
732 3312 784 3363 filii
796 3314 821 3364 A
845 3263 1047 3364 animumffiau·
1144 3380 1147 3387 ⁴

124 3378 158 3428 lie
176 3376 248 3495 BE
272 3382 323 3431 276
346 3395 424 3431 soror
442 3385 526 3445 estup
557 3395 688 3445 sororque
706 3381 752 3432 Εα
780 3378 793 3447 ΙΙ
827 3384 877 3432 277
899 3396 1001 3446 parens
1019 3380 1047 3431 A

124 3450 204 3511 peter
276 3444 288 3515 ΙΙ
317 3449 367 3499 282
384 3448 467 3499 uerba
484 3449 597 3514 ingesta
615 3450 721 3499 orbitus
736 3451 766 3500 in
784 3465 832 3500 ora
844 3451 933 3514 putris
950 3464 998 3498 om.
1011 3456 1047 3511 ψ,

122 3521 224 3564 tuentur
242 3529 276 3566 αε
299 3513 312 3582 [Ι
334 3517 385 3567 286
403 3517 494 3567 iaciat
513 3517 637 3568 efudiet
656 3517 706 3582 Ep
729 3514 740 3583 ΙΙ
769 3517 819 3568 288
838 3516 941 3581 poterit
953 3516 978 3566 A
996 3531 1045 3581 po·

123 3587 195 3635 terat
214 3595 228 3634 ε
245 3600 337 3637 un.eoe
353 3585 421 3636 Pau.
452 3580 464 3651 Η
902 3600 905 3605 ’
