2544 4040
522 293 689 340 PHAEDRA

140 434 320 510 clarumque
336 431 409 493 caeli
426 432 508 492 sidus
524 439 553 493 et
567 433 662 493 noctis
677 431 769 492 decus

140 522 230 580 cuius
245 517 358 579 relucet
372 518 502 578 mundns
517 516 629 577 alterna
645 519 726 585 uice,

138 604 254 664 Hecate
269 602 413 662 triformis
429 620 466 662 en
482 601 552 661 ades
568 602 679 679 coeptis
694 599 807 660 fauens.

141 689 302 748 animum
318 687 464 763 rigentem
479 687 573 747 tristis
588 683 737 764 Hippolyti
752 685 866 745 doma.

142 790 244 832 amare
259 772 353 831 discat
367 778 487 832 mutuos
503 772 587 848 ignes
602 769 679 829 ierat

141 855 191 916 dot
208 855 300 916 lacilis
316 873 414 916 aures.
443 856 543 932 mitiga
559 862 663 932 pectus
678 854 786 915 ferum.

97 941 127 1000 b'
183 938 879 1007 lnuertementem,tornusauersusierox
1047 949 1165 1003 cussvru

140 1027 170 1084 in
184 1027 249 1085 iura
265 1024 388 1084 Veneris
403 1024 514 1084 redeat.
546 1024 604 1083 linc
620 1024 700 1083 uires
716 1031 780 1084 tuas
946 1035 1132 1084 cumulat

59 1125 66 1136 “
140 1109 273 1170 intende.
305 1110 348 1168 sic
363 1115 392 1169 te
408 1106 499 1168 lucidi
514 1107 616 1168 uultus
631 1107 728 1168 lerant

141 1203 171 1253 et
186 1191 266 1253 nube
281 1200 367 1272 rupta
384 1191 525 1252 cornibus
539 1194 624 1271 puris
640 1210 704 1261 eas,

141 1279 184 1338 sic
199 1286 228 1338 te
243 1285 396 1354 regentem
412 1276 497 1336 irena
514 1278 652 1336 nocturni
666 1276 794 1336 aetheris

141 1361 300 1422 detrahere
317 1379 479 1439 numquam
494 1359 615 1420 thessali
631 1368 735 1420 cantus
750 1369 858 1438 queant

142 1445 299 1525 nullusque
317 1445 353 1506 de
370 1455 400 1508 tc
415 1444 537 1523 gloriam
553 1454 657 1523 pastor
672 1445 756 1504 ierat.

107 1553 123 1586 c
185 1530 263 1591 Ades
278 1531 424 1591 inuncata.
453 1532 514 1591 iam
530 1529 611 1589 lauet
627 1530 705 1591 uotis
721 1529 790 1589 dea:

141 1616 239 1692 ipsum
254 1616 355 1675 intuor
370 1614 505 1675 solemne
521 1622 714 1674 uenerantcm
731 1631 848 1674 sacrum

140 1697 223 1759 nullo
240 1697 316 1760 latus
332 1700 500 1759 comitante.
532 1699 601 1776 quid
618 1697 754 1758 dubitas?
777 1698 857 1759 dedit

140 1791 259 1860 tempus
275 1782 433 1860 locumque
449 1800 549 1843 casus:
574 1782 715 1843 utendum
731 1783 854 1843 artibus.

101 1864 126 1923 ε’
182 1866 395 1946 Trepidamusd
418 1866 497 1927 haud
514 1873 557 1928 est
577 1867 661 1927 facile
676 1866 847 1928 mandatum
864 1868 960 1930 scelus
1078 1879 1129 1931 435

140 1952 266 2020 audere,
292 1970 395 2013 uerum
412 1954 487 2012 insta
503 1953 553 2028 qui
569 1970 656 2030 reges
672 1954 755 2012 timet

140 2037 284 2113 deponat,
308 2054 397 2097 omne
412 2035 502 2115 pellat
517 2055 551 2097 ex
571 2040 669 2096 animo
685 2036 791 2096 decus:

139 2119 236 2180 malus
252 2128 297 2182 est
311 2123 448 2181 minister
463 2123 539 2198 regii
554 2122 670 2199 imperii
686 2121 792 2198 pudor.

102 2211 121 2261 d
183 2218 278 2267 ΗΙΡΡ.
303 2203 379 2275 Quid
395 2205 453 2265 huc
469 2204 577 2265 seniles
593 2206 671 2265 lessa
686 2204 800 2265 moliris
815 2207 924 2283 gradus

140 2308 159 2349 o
176 2288 233 2348 fida
250 2291 350 2350 nutrix
366 2289 513 2349 turbidam
531 2290 662 2350 frontem
672 2307 786 2367 gerens
1077 2302 1128 2353 44ο

140 2380 170 2434 et
187 2381 299 2435 maesta
315 2373 436 2434 uultus?
459 2392 562 2452 sospes
578 2382 622 2435 est
638 2382 718 2434 certe
734 2392 843 2453 parens

141 2474 305 2538 sospesque
320 2458 455 2520 Phaedra
472 2460 573 2537 stirpis
589 2468 618 2519 et
633 2459 768 2535 geminae
785 2460 894 2535 iugum.

96 2541 123 2597 d‘
180 2555 283 2603 nvrn.
307 2544 403 2604 Metus
417 2544 550 2604 remitte:
573 2560 719 2622 prospero
736 2560 861 2620 regnum
877 2544 906 2602 in
923 2551 999 2605 statu
1016 2553 1060 2605 est

137 2625 304 2704 domusque
319 2627 431 2689 llorens
446 2637 527 2687 sorte
542 2626 622 2688 felici
636 2630 725 2706 uiget.

137 2710 191 2770 sod
206 2718 238 2771 tn
254 2710 348 2772 beatis
363 2713 462 2772 mitior
478 2711 569 2772 rebus
584 2715 667 2773 ueni:
1073 2726 1124 2775 445

136 2812 268 2873 namque
283 2798 399 2856 anxiam
416 2815 463 2856 me
479 2814 550 2856 cura
566 2796 705 2857 sollicitat
719 2799 771 2856 tui.

137 2877 240 2958 [qood
254 2888 282 2940 te
297 2885 362 2957 apoc
370 2885 480 2958 poenis
492 2883 641 2954 crucibus
655 2882 784 2954 infestus
799 2881 930 2963 domus]

100 2988 116 3020 a
181 2963 276 3031 Quem
293 2965 350 3026 lata
369 2973 479 3042 cogunt
495 2964 544 3025 ille
564 2984 631 3025 cnm
648 2968 734 3025 uenia
751 2974 795 3024 est
811 2968 913 3037 miser,

134 3100 292 3107 ——-⁴⁴⁴>

205 3167 255 3215 419
276 3167 341 3217 face
361 3168 385 3216 A
404 3168 467 3217 uice
485 3167 511 3216 E
523 3163 535 3234 Η
550 3169 601 3217 420
622 3168 742 3217 aenades
755 3169 780 3217 E
799 3168 847 3232 (an
861 3169 926 3219 ades
945 3178 962 3220 t.
978 3172 1026 3221 Hs.
1048 3169 1058 3238 ll

132 3234 185 3282 422
198 3235 291 3298 legitur
303 3236 329 3284 in
342 3234 367 3283 E
377 3242 438 3299 post
450 3253 474 3284 a.
488 3238 543 3285 423
555 3231 567 3301 ss
578 3237 629 3284 424
646 3239 757 3285 innecte
771 3246 808 3300 εψ
826 3238 932 3287 inuerte
945 3239 970 3288 Α
982 3235 994 3304 ll
1005 3241 1054 3290 431

133 3299 206 3349 lace*
220 3300 255 3349 E¹
278 3301 358 3351 foues
378 3318 397 3351 α
414 3303 493 3352 fauet
511 3302 576 3364 mo
597 3299 609 3368 ΙΙ
628 3304 678 3353 436
696 3304 772 3353 iussa
790 3306 837 3369 qui
855 3307 931 3369 regis
950 3308 1030 3355 timet
1047 3304 1057 3370 ll

131 3369 183 3419 437
203 3366 326 3433 deponat
338 3385 418 3420 omne
438 3376 465 3420 et
477 3370 566 3435 pellat
585 3385 608 3419 e.
623 3387 649 3420 a.
663 3371 688 3420 d.
707 3373 821 3426 ctNHs.
834 3369 846 3439 ΙΙ
857 3374 907 3421 446
927 3374 1054 3421 anxiame

131 3435 158 3483 Ε
168 3432 181 3502 ΙΙ
196 3438 248 3487 447
261 3436 356 3487 domas
368 3437 394 3486 Ε
410 3440 552 3489 Vossianus
569 3453 671 3503 granas
683 3441 708 3488 Α
727 3456 826 3490 uersum
844 3443 973 3489 damnauit
991 3438 1055 3489 Sca-

130 3506 198 3569 liqer
209 3500 222 3570 ΙΙ
232 3503 285 3553 448
302 3504 348 3554 hic
368 3505 475 3569 quidem
494 3506 573 3554 uiuat
593 3508 674 3555 miser
693 3507 761 3556 ΑΕ3
780 3511 817 3557 cd
827 3523 906 3570 maro.
926 3506 973 3556 ille
993 3522 1054 3557 oum

129 3572 215 3622 uenia
228 3577 278 3647 lest
294 3573 377 3621 miser
395 3573 420 3621 Ε
442 3569 453 3639 ΙΙ
