2536 4046
1259 166 1260 199 l

229 280 342 328 xxxvl
604 277 804 327 PRAEFATIO

1258 358 1260 389 i

229 441 304 514 picta
318 447 396 495 erant
412 455 488 495 erasa
503 447 576 495 sunt.
606 437 666 495 lot.
683 436 744 495 165
765 437 812 493 ubi
827 436 954 493 hercules
970 437 1102 494 cethaeus
1117 438 1185 495 lini·
1259 452 1260 465 ¹

232 533 276 592 tur
290 524 358 581 haec
372 523 516 596 leguntur:
538 523 641 580 Senece
655 530 737 595 poete
753 521 948 594 Tragediarum
969 521 1039 579 liber
1054 522 1184 581 decimus

231 617 259 664 et
277 609 391 664 ultimus
416 610 463 681 qui
478 608 606 665 hercules
626 606 741 663 oetbens
757 606 915 662 nominatur
933 606 979 662 hic
993 605 1112 665 feliciter
1132 624 1184 665 ea·

229 693 317 766 plicit.
352 693 406 748 ileo
435 694 547 766 gratias.
577 692 691 749 Amen'
740 690 813 747 lnlra
846 707 914 748 auro
943 692 1047 764 pictum
1076 708 1184 750 nomen

230 775 391 834 ‘Nicolaus'
414 785 442 833 et
462 785 614 833 atramento
634 776 716 849 nigro
738 776 853 850 scripta:
880 774 942 831 ‘Sit
961 792 1061 832 nomen
1075 776 1184 834 domini

231 861 415 919 benedictum.
444 861 483 918 Er
497 862 550 918 boc
564 878 637 918 nunc
652 868 680 916 et
694 876 782 934 usque
796 861 826 915 in
841 859 990 918 seculum’.
1019 861 1183 918 Glossarum
1246 858 1250 865 ’

229 946 420 1020 marginalium
445 962 497 1019 per
516 953 605 1003 totum
625 944 726 1002 librum
753 944 889 1002 uberrima
911 943 1023 1019 copia*)
1049 947 1116 1004 item
1137 947 1183 1003 in·

231 1029 408 1087 terlinearum
429 1031 457 1086 in
471 1047 523 1087 1111
544 1032 638 1105 primis
660 1029 808 1102 tragoediis
827 1038 856 1085 et
875 1038 953 1104 parte
967 1036 1025 1088 v⁸⁶.
1057 1031 1185 1105 Scriptae

231 1121 296 1171 sunt
310 1114 474 1171 nitidissime
495 1122 523 1171 et
543 1114 576 1171 ab
592 1115 684 1171 eadem
700 1131 781 1170 manu
798 1122 828 1171 nt
842 1115 953 1171 uidetur
971 1132 1002 1172 ac
1017 1122 1109 1171 textus
1125 1124 1184 1171 tra-

231 1199 399 1274 goediarum.

294 1314 1181 1392 Gothnnuschartaceusnibiliol-cnxvrmlineaeplumbo

231 1402 328 1461 ductae
351 1402 379 1459 in
400 1402 481 1477 plena
500 1403 598 1476 pagina
621 1400 671 1460 34.
707 1400 832 1476 Scriptus
852 1411 895 1458 est
918 1418 989 1462 saec.
1005 1418 1061 1460 xva
1080 1417 1181 1476 parum
1258 1352 1260 1501 1

231 1487 360 1544 adcurate
380 1486 428 1545 sed
449 1485 612 1543 luculenter.
648 1486 772 1544 continet
792 1504 812 1542 x
838 1486 995 1561 tragoedias
1016 1486 1112 1543 eodem
1135 1504 1183 1544 or·
1259 1508 1260 1535 t

230 1570 294 1629 dinc
320 1586 351 1626 ac
372 1570 403 1626 G.
431 1576 592 1641 argumenta
612 1570 728 1644 singulis
748 1571 897 1643 tragoediis
923 1572 1088 1644 praemissa,
1115 1588 1182 1645 per·

232 1671 360 1711 sonarum
382 1661 464 1710 notae
484 1654 679 1728 inscriptiones
702 1654 918 1729 subscriptiones
940 1657 1051 1712 omnino
1073 1654 1182 1712 deside·

234 1746 339 1796 rantur.
370 1738 463 1795 Scatet
477 1736 583 1795 lacunis
598 1740 700 1796 incuria
716 1739 810 1797 librari
827 1739 905 1796 ortis.

295 1856 446 1931 Vtrumque
462 1856 615 1914 Gotbanum
637 1865 670 1912 ut
684 1857 764 1915 alteri
784 1866 910 1914 nostrum
924 1857 1074 1914 Posnaniae
1089 1856 1182 1913 bieme

231 1935 409 2000 unoocnxfl
423 1943 560 2016 inspicere
575 1941 672 1998 liceret
687 1941 788 1998 lactum
809 1950 851 1999 est
867 1942 1032 1999 liberalitate
1053 1942 1182 1998 uirorum

231 1994 439 2116 doctorumudui
455 2043 636 2100 bibliothecae
652 2042 741 2100 ducali
758 2045 893 2117 gothanae
908 2051 1050 2118 praesunt.

155 2158 235 2218 Vrot.
300 2157 633 2219 vratislauiensis
658 2159 724 2218 bibl.
745 2177 803 2234 reg.
825 2163 901 2218 annin.
922 2162 1008 2219 cbart.
1028 2177 1062 2219 1v
1082 2160 1113 2229 Q.
1130 2160 1183 2219 58.

234 2243 316 2302 Liber
330 2245 358 2301 B.
370 2244 401 2301 V.
414 2245 513 2302 Mariae
529 2247 557 2325 in
572 2245 689 2302 Lubens.
707 2262 760 2302 scr.
782 2263 806 2302 a.
823 2244 916 2302 1492.
932 2246 1033 2303 desinit
1048 2246 1184 2319 indgam.

234 2348 261 2386 u.
279 2330 328 2389 61.
343 2329 468 2387 conlatus
484 2330 517 2386 ab
533 2328 622 2387 altero
637 2338 761 2386 nostrum
777 2348 800 2386 a.
817 2340 1001 2388 uncccnvn.

299 2465 347 2522 llis
362 2466 502 2524 codicibus
522 2465 637 2523 addendi
654 2473 718 2521 sunt
733 2473 790 2521 tres
806 2481 922 2538 quornm
938 2464 1062 2539 pleniore
1083 2465 1184 2520 notitia

236 2549 277 2604 uti
292 2547 392 2605 licebat
406 2551 434 2605 in
449 2549 566 2607 Hercule
581 2552 688 2623 priore:

147 2657 231 2722 ΤῙῚθ
298 2663 539 2724 Turonensis
557 2663 574 2723 1
595 2673 623 2721 et
641 2662 682 2722 11
719 2664 759 2721 Cl.
779 2667 1000 2740 Wollenbergius
1022 2667 1049 2722 in
1065 2666 1094 2723 Z.
1114 2665 1134 2722 l.
1152 2666 1185 2724 G.

236 2749 321 2808 1860
340 2766 415 2806 x111s
440 2768 468 2825 p.
490 2750 596 2806 716-
610 2750 680 2807 718.
728 2748 806 2807 Alter
824 2746 901 2824 (T1)
923 2758 965 2807 est
986 2751 1046 2808 cod.
1068 2750 1185 2811 membr.

235 2851 306 2895 saec.
322 2852 364 2893 xv
379 2836 417 2891 in.
448 2835 477 2890 ln
494 2834 565 2891 line:
588 2833 759 2908 ‘Explioiunt
775 2836 895 2909 tragedie
910 2835 1022 2893 Seneca.
1051 2836 1106 2891 lieo
1122 2852 1187 2909 gra·

233 2970 299 2977 ———
305 2970 365 2976 -..—-
377 2967 437 2975 --n--
819 2970 821 2975 .
1255 2970 1256 2997 p

301 3031 324 3095 *)
342 3033 403 3081 Ioci
415 3046 517 3082 caussa
535 3031 690 3098 exemplum
703 3033 810 3086 damus.
846 3033 890 3084 Ad
902 3033 1033 3086 Oeneos
1051 3037 1097 3083 ‘et
1114 3031 1188 3084 ulte·

234 3100 292 3149 rius
313 3098 465 3149 nolendum
487 3099 559 3164 quod
580 3100 672 3150 nullus
691 3116 771 3151 corus
788 3101 879 3150 tocius
900 3101 967 3150 libri
989 3104 1032 3151 est
1052 3101 1081 3150 in
1098 3104 1188 3152 metro

233 3174 291 3216 tam
311 3167 407 3217 uarius
423 3181 486 3216 nam
505 3170 615 3218 constat
632 3183 666 3218 ex
683 3168 772 3219 dntilo
790 3172 930 3219 exametro
946 3168 1059 3218 heroico
1082 3183 1189 3233 anspe-

234 3233 305 3284 stico
323 3234 491 3285 coriambico
514 3239 543 3285 et
558 3234 621 3300 plus
639 3250 721 3300 quam
744 3236 945 3301 tetrastrophos
962 3234 1068 3286 alieubi
1089 3236 1189 3298 itaque
1254 3284 1255 3287 ,

235 3304 334 3352 contra
345 3301 481 3367 Regulam
499 3302 565 3353 dare
577 3304 712 3368 nequiuit.
748 3305 787 3353 Et
798 3307 890 3368 potest
901 3318 958 3353 uns
971 3304 1080 3368 opinari
1099 3317 1189 3353 causa

236 3384 319 3434 quare
336 3369 377 3419 sic
394 3373 478 3434 poeta
496 3369 606 3423 iecerit.
640 3372 711 3423 Nam
729 3371 776 3421 bic
792 3369 879 3421 multe
898 3386 1016 3437 persone
1035 3370 1189 3434 loquuntur

237 3442 265 3488 et
281 3438 322 3489 sic
347 3439 471 3502 oportuit
491 3442 609 3488 metrum
629 3437 820 3505 multipliciter
837 3440 945 3489 uariare
969 3443 998 3488 et
1015 3439 1044 3488 in
1061 3438 1134 3488 festo
1159 3444 1190 3489 et

237 3503 376 3555 sacrificio
389 3504 491 3555 bocchi
507 3504 898 3572 benepotabnntomnes
917 3509 945 3557 et
957 3506 1190 3570 sicbonepoti
1253 3546 1254 3561 2

235 3573 330 3622 narie
347 3571 606 3636 loquebantnr’.
