2544 4046
214 226 255 292 70
494 240 525 288 n.
542 239 679 287 Annam
691 239 847 288 sunnonis

212 382 279 443 hac
294 399 360 461 spe
376 380 499 442 minanti
514 379 626 441 tulmen
642 387 780 440 occurret
794 380 868 451 Inui,

173 476 200 533 h'
254 465 330 527 Hae
351 482 417 544 spe
432 464 543 526 subibit
558 465 682 542 gurgitis
697 465 801 525 tumidi
817 467 911 526 minas

214 550 397 629 dubiumque
412 548 526 629 libycae
541 549 636 628 Syrtis
650 548 773 610 intrabit
787 550 905 620 fretum,

145 669 148 676 ·
213 635 280 696 bac
301 652 382 715 spe,
400 635 479 714 quod
496 652 560 696 esse
575 635 737 695 maximum
752 642 836 696 retur
852 635 970 704 malum,

211 719 335 781 fratrem
350 720 470 781 uidebit.

212 817 287 866 seu.
499 805 564 884 quis
579 802 668 864 iidem
684 805 766 882 pacis
782 803 880 864 dabit?

212 891 260 950 cui
275 895 354 951 tanta
370 888 491 949 credeti

212 987 291 1034 Aru,
522 971 643 1033 credula
660 980 705 1035 est
719 990 802 1053 spes
817 971 952 1050 inproba.

185 1074 195 1121 i
256 1058 358 1119 Gnatis
372 1063 471 1118 tamen
486 1057 622 1118 mandata
639 1074 720 1138 quae·
730 1063 837 1138 patruo
853 1057 949 1118 ierant

213 1142 362 1203 dabimus:
379 1141 491 1202 relictis
507 1140 575 1203 exul
589 1143 728 1221 hospitiis
741 1158 835 1219 uagus

211 1245 305 1306 regno
320 1235 354 1287 ut
366 1228 544 1287 miserias
559 1233 654 1288 mutet
668 1234 757 1304 atque
771 1228 867 1304 Argos
882 1234 966 1303 regat

212 1319 348 1390 exparte
364 1310 509 1373 dominus.
537 1313 562 1372 si
579 1313 667 1372 nimis
682 1312 775 1373 durus
789 1329 896 1390 preces

212 1404 334 1475 spernet
348 1397 507 1476 Thyestes:
528 1395 641 1458 liberos
654 1398 718 1457 eius
732 1395 823 1457 rudes

211 1481 356 1560 malisque
371 1480 466 1542 sessos
481 1481 624 1559 grauibus
640 1487 669 1542 et
683 1478 784 1541 faciles
799 1482 865 1560 oapi

212 1583 318 1644 preces
333 1564 505 1626 mouebant.

176 1662 196 1720 i'
560 1651 636 1711 Hinc
651 1656 737 1711 uetus
754 1651 839 1728 regni
854 1650 938 1710 iuror

212 1731 294 1794 illinc
310 1740 425 1811 egestas
440 1734 530 1794 tristis
546 1752 584 1795 ac
600 1735 693 1796 durus
708 1734 794 1795 labor

210 1820 346 1898 quamuis
360 1820 506 1896 rigentem
522 1826 566 1880 tot
581 1819 665 1879 maiis
680 1819 817 1896 subigent
831 1821 939 1879 uirum

211 1916 285 1964 snm.
312 1905 371 1964 iam
387 1910 504 1982 tempus
518 1903 560 1964 ilii
574 1905 645 1965 iecit
660 1922 819 1965 aerumnas
833 1902 925 1964 leues.
1152 1915 1202 1963 305

211 2001 291 2050 Aru.
320 2007 422 2049 erras:
439 1987 585 2051 malorum
602 2007 706 2050 sensus
722 1990 867 2050 accrescit
881 1988 937 2050 die.

210 2072 277 2134 leue
293 2081 338 2134 est
353 2074 528 2135 miserias
544 2073 632 2142 serre,
648 2073 783 2152 perierre
799 2081 844 2134 est
858 2090 959 2151 graue.

175 2176 195 2225 k
256 2170 331 2219 sur.
356 2156 435 2219 Alios
451 2159 603 2220 ministros
618 2157 722 2220 consili
738 2160 828 2219 tristis
842 2157 924 2237 iege:

210 2244 314 2325 peiora
328 2243 452 2303 iuuenes
467 2242 552 2304 facile
567 2250 725 2323 praecepta
741 2243 873 2312 audiunt,

209 2330 240 2389 in
259 2335 344 2407 patre
359 2327 481 2397 sacient,
499 2328 639 2408 quiequid
654 2329 684 2388 in
700 2335 806 2406 patruo
822 2327 920 2388 doces.
1148 2336 1200 2384 310

210 2432 299 2493 saepe
314 2415 344 2473 in
359 2414 532 2492 magistrum
548 2411 697 2474 scelera
717 2413 871 2474 redierunt
885 2430 947 2473 sua.

170 2490 198 2547 k'
252 2510 332 2558 ΛΤΒ.
357 2498 395 2558 Vt
410 2515 498 2559 nemo
514 2498 620 2560 doceat
634 2496 782 2558 fraudis
797 2503 826 2556 et
841 2496 1003 2559 sceleris
1017 2499 1099 2559 uias:

209 2598 336 2658 reguum
353 2580 479 2641 docebit.
506 2600 544 2643 ne
558 2582 627 2643 mali
642 2583 714 2642 fiant
728 2583 835 2643 times?

209 2673 373 2726 nascuntur
387 2665 474 2726 istud.
503 2667 582 2743 quod
598 2685 688 2728 uocas
703 2685 827 2728 saeuum
842 2684 980 2746 asperum

209 2751 315 2828 agique
331 2750 405 2810 dure
420 2750 517 2811 credis
535 2758 564 2810 et
578 2753 702 2813 nimium
716 2753 812 2831 inpie,
1148 2756 1200 2805 31⁵

209 2834 337 2896 fortasse
352 2843 381 2896 et
397 2826 457 2895 illic
472 2837 580 2913 agitur.

277 3040 481 3103 2901epicurio
499 3038 524 3088 E
540 3046 602 3103 poet
619 3056 643 3088 u.
655 3041 705 3090 293
728 3034 740 3105 ΙΙ
763 3040 813 3089 300
832 3040 892 3089 eius
910 3037 991 3089 rudes
1010 3055 1032 3089 ω
1051 3040 1130 3089 aeui

209 3120 231 3156 r.
250 3108 283 3155 ct.
303 3104 395 3169 mnu,
414 3106 531 3157 melius
550 3122 571 3157 r.
590 3107 789 3161 commitetur.
812 3102 824 3172 ΙΙ
854 3108 904 3159 303
922 3121 1130 3173 precommoue-

208 3173 278 3224 bunt
303 3176 345 3223 uel
370 3189 453 3240 prece
476 3175 666 3238 monebuntp
702 3190 784 3239 prece
803 3174 979 3225 commonebo
997 3173 1070 3223 ΕοΕ
1085 3191 1130 3227 un.

209 3256 245 3292 ex
256 3241 323 3291 Poll.
366 3256 430 3291 rece
449 3242 661 3293 commonebant
678 3245 709 3292 ei.
724 3243 879 3297 L.Mueller.
909 3256 1012 3306 preces
1035 3257 1132 3293 moue·

208 3309 279 3360 bunt
297 3324 315 3359 oc
347 3257 364 3377 Κ
394 3311 444 3361 303
469 3309 534 3359 hinc
557 3307 640 3360 durus
663 3327 684 3360 ω
715 3325 753 3361 ee
777 3309 860 3360 durus
880 3309 930 3361 Bo.
964 3306 983 3442 ζ
1011 3311 1061 3360 307
1086 3315 1132 3359 eet

210 3393 295 3443 graue
314 3377 340 3428 Ε
359 3383 402 3428 eet
419 3393 466 3429 om.
480 3377 505 3427 Α
528 3373 540 3443 ΙΙ
563 3379 613 3429 308
631 3378 754 3428 consiliis
772 3378 796 3439 (e
815 3394 884 3431 eras.
902 3380 929 3428 io
946 3377 970 3426 R
1002 3377 1130 3439 tristiam

210 3444 333 3497 consiliis
356 3446 418 3497 istie
442 3460 461 3495 α
491 3445 601 3496 consilii
623 3446 711 3497 tristis
729 3445 847 3506 llrau„
877 3443 977 3496 consili
995 3445 1086 3496 tristis
1103 3445 1131 3494 Ε

211 3509 240 3573 (t.
256 3513 312 3577 Or.)
341 3510 354 3581 ΙΙ
381 3516 432 3566 309
450 3513 528 3564 Aru.
546 3514 643 3580 peiore
661 3513 686 3562 E
712 3513 892 3566 arumna
916 3510 928 3579 ΙΙ
