2484 4044
467 252 621 301 ocrmuu
941 236 1005 302 473

90 408 194 457 NERO.
208 396 381 473 praecipere
396 393 498 454 mitem
515 393 655 453 conuenit
668 393 770 471 pueris
785 408 897 453 senem.

92 494 163 542 NEN.
181 479 311 558 regenda
327 479 422 557 magis
438 486 483 538 est
498 477 612 538 feruida
628 476 833 536 adolescentia.

90 577 193 625 NERO.
209 570 304 625 aetate
320 565 348 622 iu
365 563 481 624 houset
497 579 561 624 esse
578 560 692 621 consilii
706 579 786 621 reor.

90 663 162 711 SEN.
180 649 302 709 utiocto
318 649 418 726 superi
436 646 632 725 comprobent
647 663 765 724 semper
782 653 840 707 tua.
1023 655 1074 705 460

89 747 191 795 NERO.
208 732 296 795 stulte
312 732 442 794 uerebor
459 749 523 792 osse
539 749 605 791 oum
623 731 727 791 faciam
744 730 824 790 deos.

90 832 161 880 REN.
178 819 237 878 hoe
252 817 319 895 pius
334 834 442 877 uerere
458 815 536 894 quod
552 815 622 876 iicet
634 823 750 876 tantum
766 814 830 875 tibi.

87 915 190 964 NERO.
208 904 325 962 fortuna
342 909 444 961 nostra
459 907 565 960 cuncto
580 900 724 978 permittit
738 899 819 960 mihi.

88 1001 162 1048 sEN.
179 988 269 1048 erede
284 985 460 1064 obsequenti
475 986 603 1064 parcius.
634 985 710 1045 ieuis
726 991 771 1044 est
786 984 850 1045 dea.

87 1084 190 1132 NERO.
207 1072 309 1132 inertis
326 1079 370 1131 est
387 1071 502 1130 nescire
518 1069 588 1150 quid
603 1069 692 1129 liceat
706 1068 771 1128 sibi.
1022 1077 1073 1126 466

89 1169 162 1218 sEN.
179 1156 208 1215 id
226 1156 325 1217 iacere
340 1154 405 1215 laus
421 1162 464 1215 est
480 1155 559 1233 quod
575 1155 676 1223 decet,
693 1172 753 1213 nou
770 1152 941 1231 quodlicet.

88 1255 192 1301 NERO.
209 1242 302 1302 caleat
317 1242 462 1301 iacentem
478 1237 596 1317 uulgus.

89 1338 163 1385 REN.
612 1388 614 1392 .
636 1324 767 1383 inuisum
783 1323 933 1401 opprimit.

88 1421 192 1470 NERO.
210 1411 322 1470 terrum
338 1415 439 1469 tuetur
455 1409 629 1486 prinoipem.

90 1506 164 1554 SEN.
674 1490 779 1551 melius
794 1491 877 1551 tides.

89 1590 194 1639 NERO.
213 1577 298 1638 decet
312 1579 412 1638 timeri
428 1577 596 1638 Caesarem.

87 1676 161 1724 SEN.
615 1667 644 1720 at
659 1661 726 1737 pius
741 1659 831 1737 diligi.

85 1760 189 1808 NERO.
208 1754 340 1808 metuant
355 1764 477 1807 necesso
493 1752 582 1806 est...

87 1845 162 1892 REN.
497 1830 636 1909 quiequid
653 1828 828 1909 exprimitur
844 1847 935 1908 graue
951 1837 1003 1889 est.
1023 1840 1074 1889 470

87 1930 191 1977 NERO.
209 1917 353 1995 iussisque
370 1916 478 1976 nostris
494 1922 625 1993 pareant.

87 2015 161 2061 ERN.
658 2001 733 2059 iusta
748 2000 872 2077 impera.

86 2097 191 2145 NERO.
208 2091 333 2146 statuam
350 2085 422 2163 ipse.

87 2183 162 2229 SEN.
430 2208 432 2211 -
455 2185 530 2244 quae
547 2185 710 2229 cousensus
726 2168 834 2228 eifloiat
848 2174 920 2227 rata.

85 2268 190 2314 NERO.
208 2277 223 2313 e
240 2254 414 2332 despectus?
438 2254 516 2312 ensis
533 2253 628 2312 saciet.

86 2352 161 2398 SEN.
628 2337 686 2397 hoc
701 2335 777 2397 absit
792 2336 883 2396 nefas.

86 2518 289 2526 —..-..-—-——

229 2623 245 2660 i.
259 2622 331 2674 pueris

153 2676 204 2724 467
227 2676 302 2739 prius
325 2675 346 2724 G
374 2671 386 2741 Η
414 2675 465 2725 468
484 2679 528 2724 εει
552 2675 641 2737 magis
665 2673 686 2722 C
714 2671 725 2739 ΙΙ
754 2676 805 2724 469
824 2675 932 2725 satiem
962 2679 1007 2724 eat

84 2743 225 2792 LMuetter
243 2751 268 2792 et
286 2743 394 2792 BSchm.
416 2739 498 2808 [1460
518 2742 579 2791 feta
598 2741 618 2791 0
638 2739 650 2808 ΙΙ
669 2744 719 2792 461
739 2757 801 2792 esse
820 2743 845 2791 Α
859 2744 921 2792 313
945 2744 1006 2807 ipse

83 2814 127 2860 ‘in
145 2827 195 2862 uno
213 2827 258 2864 me.
278 2809 360 2874 (Pal.)
379 2811 544 2875 defenditque
562 2811 656 2859 reiut!
683 2811 844 2861 Commeiinue
866 2806 878 2877 Η
902 2812 952 2860 462
972 2827 1006 2860 ue

82 2895 145 2929 rere
165 2885 273 2928 tantum
293 2877 365 2943 quod
387 2880 412 2927 V
422 2875 433 2943 ii
448 2879 499 2928 463
517 2878 660 2943 permittat
678 2880 741 2929 313
753 2874 765 2942 Η
780 2880 831 2928 464
848 2880 962 2943 parcius
981 2880 1005 2927 A

80 2947 304 3012 partiueiBItlt
333 2961 402 3011 poue
420 2949 462 2996 uel
478 2961 546 3010 pens
564 2947 629 2996 313
663 2942 675 3012 ii
708 2946 758 2995 466
777 2946 929 3010 inpertisG
958 2960 1005 2994 ne·

81 3016 157 3065 scire
171 3014 222 3078 dep
231 3014 298 3078 quid
317 3015 378 3065 R12
402 3010 414 3079 ΙΙ
436 3014 486 3065 467
506 3014 583 3064 633.
603 3032 649 3065 om.
662 3015 727 3064 313
752 3010 764 3080 lt
786 3015 836 3063 468
856 3012 898 3063 SE
918 3012 1007 3063 ferum

81 3083 148 3132 313
169 3073 218 3144 i'et
235 3082 335 3133 molius
354 3082 375 3132 0
398 3085 426 3130 ει
444 3097 490 3134 om.
509 3082 534 3131 Α
546 3078 557 3147 Η
569 3082 692 3132 Inuisum
711 3081 769 3143 (om.
787 3095 915 3145 personae
934 3080 1006 3143 nota)

81 3151 148 3199 313
169 3146 235 3214 1469
253 3152 294 3200 Ac
313 3148 371 3213 (om.
386 3148 476 3215 SEN.)
495 3149 557 3214 plus
570 3150 633 3199 313
654 3149 762 3213 utplus
781 3149 806 3198 Α
826 3154 856 3197 at
872 3150 1007 3198 toltendum

81 3232 140 3266 eree
154 3219 259 3269 conieci.
273 3214 285 3284 ii
300 3221 351 3269 470
365 3218 407 3268 SE
421 3221 547 3267 metuont
559 3218 624 3267 313
635 3213 648 3283 Η
664 3222 709 3265 εει
721 3216 860 3280 Quicquid
872 3214 933 3281 (om.
944 3231 1005 3279 per-

80 3300 165 3365 fonae
183 3284 255 3347 noto)
274 3286 338 3336 313
350 3282 362 3353 Η
373 3287 423 3366 471Ι
442 3287 527 3336 iussis
545 3284 604 3348 (om.
618 3282 681 3349 que)
695 3280 894 3364 0118332013.
908 3283 972 3333 313
993 3283 1005 3345 Η

78 3357 298 3486 &iiiiii
310 3356 344 3472 ἴ
356 3356 443 3472 itit
455 3349 618 3486 ’31333447τῖ
630 3352 1006 3485 ii.{tttiitttt.⁰iittz

78 3492 178 3538 omnee’
199 3489 271 3539 Grut.
290 3488 404 3540 Commet.
424 3494 527 3539 ‘omnes
545 3503 608 3553 quoe
626 3489 680 3537 uidi
697 3490 810 3540 codiceo'
829 3486 938 3550 Detrio.)
958 3485 1005 3536 de-

78 3561 180 3605 tectus
198 3558 252 3606 eine
266 3561 444 3623 conspectus
465 3556 539 3606 eneis
557 3558 589 3605 ci.
603 3556 678 3621 Lipr.
697 3555 867 3609 destrictus
886 3556 960 3606 ensis
973 3558 1006 3607 εὶ.
