2536 4046
490 267 690 317 PRAEFATIO
938 272 1065 319 XXXVII

112 431 173 487 cias
194 444 281 485 amen.
307 429 410 501 scripte
430 445 462 485 ac
483 427 617 502 complete
638 443 688 500 per
708 443 805 484 manns
826 429 968 485 iohannis.
999 431 1064 486 Ten.
1093 440 1100 449 “

111 514 215 571 Norde.
229 514 263 568 de
277 513 462 568 bectinchen.
479 511 576 568 Clerici
592 511 734 584 Traiecteij
751 513 816 569 dict
853 513 910 570 Sub
929 530 1001 571 anno
1016 515 1065 572 do·

113 599 183 655 mini
197 602 413 673 moonc⁰vnrJ
430 595 591 653 diedecima
605 613 677 653 nona
689 599 791 653 mensis
801 597 940 670 ianuarii&
964 599 1063 673 Tragg.

112 683 185 740 ordo
200 682 309 739 solitus.
338 682 506 756 Argumenta
521 681 639 755 singulis
655 689 745 755 tragg.
760 684 915 756 praemissi.
933 712 970 723 —
985 683 1065 741 Alter

111 761 184 841 (T2)
200 783 272 824 saec.
286 783 329 825 xv
344 768 493 840 mergentis.
524 766 601 822 deest
616 765 664 822 iol.
682 766 710 822 1.
724 768 807 840 incip.
822 766 865 823 Hi.
883 782 910 822 ιι.
928 768 968 825 66
991 767 1063 824 Ordo

14 840 20 848 ¹
110 852 227 927 paulum
248 853 399 907 inmutatus
426 849 546 924 (Edypus
566 851 687 925 ypolitus
709 849 823 923 trohas).
851 880 887 892 —
916 851 1065 926 Vtriusque

111 938 231 1011 primam
245 934 363 993 fabulam
379 935 601 1009 Wollenbergins
616 934 734 991 contulit
749 951 811 991 cum
826 935 868 993 ed.
886 936 1021 1009 Thysiana
1037 944 1065 992 et

111 1023 207 1077 uarias
222 1021 356 1077 lectiones
371 1018 473 1092 publici
492 1021 561 1076 iuris
576 1019 642 1077 iecit
656 1020 683 1075 Z.
699 1019 718 1074 i.
735 1020 765 1076 G.
782 1036 825 1078 xv
839 1038 867 1095 p.
885 1019 1063 1078 leo—194.

112 1104 187 1162 alius
202 1105 325 1161 eiusdem
340 1103 521 1161 bibliothecae
535 1104 605 1160 liber
619 1121 691 1161 saec.
706 1120 748 1162 xv
763 1105 834 1161 med.
850 1111 960 1178 praeter
974 1103 1064 1178 philo·

112 1190 229 1264 sophica
249 1205 333 1263 opera
348 1189 467 1245 Senecae
487 1197 646 1262 argumenta
667 1190 870 1261 tragoediarum
892 1196 1005 1246 auctore
1019 1189 1065 1245 hl·

114 1275 226 1331 bertino
241 1272 349 1330 biusato
365 1275 495 1330 continet.

177 1388 426 1452 Pulauieneie
455 1409 477 1448 s.
507 1384 786 1449 Ver'aouiensie
816 1392 930 1449 membr.
960 1392 1065 1449 formae

115 1485 239 1551 quartae.
269 1484 395 1533 exaratus
412 1476 539 1532 Pataniae
562 1494 586 1533 a.
609 1475 691 1533 1396
712 1476 838 1532 conlatus
859 1493 874 1532 a
895 1476 1065 1534 Groddeclrio

113 1562 175 1618 Ser.
190 1562 308 1635 Principr
323 1560 514 1634 Czartoriushy
528 1558 711 1617 bibliothecae
726 1561 866 1634 praefecto
880 1569 978 1635 postea
992 1561 1063 1635 proi.
1180 1591 1183 1597 ·

112 1646 239 1702 Vilneusi
254 1663 315 1702 cum
331 1646 373 1702 ed.
385 1645 466 1701 Gron.
482 1661 494 1700 1
511 1647 558 1718 qui
575 1646 666 1701 uarias
681 1647 709 1701 in
720 1645 797 1702 Hem.
812 1661 825 1701 1
840 1645 974 1703 lectiones
989 1645 1064 1703 foras

111 1731 190 1787 dedit
210 1733 239 1785 in
259 1731 375 1787 Haereni
394 1728 547 1787 Bibliothek
572 1730 621 1786 der
641 1729 714 1786 alten
734 1729 765 1786 L.
785 1748 814 1788 ιι.
837 1729 871 1785 K.
893 1730 991 1793 1793,
1015 1731 1065 1789 10.

109 1815 298 1872 Memorabilis
319 1822 361 1871 est
381 1814 562 1888 subscriptio:
587 1813 681 1869 ‘Lucii
701 1816 789 1870 Annei
810 1814 912 1870 Senece
934 1814 1064 1871 llercules

111 1900 236 1957 Oheleus
256 1900 379 1973 tragedia
405 1899 509 1955 decima
529 1899 611 1955 simul
632 1915 663 1955 ac
685 1907 760 1955 totns
781 1899 973 1973 Tragediarum
995 1899 1065 1955 liber

110 1985 158 2042 hic
172 1984 256 2040 finem
271 1983 354 2039 habet
369 1984 412 2040 dei
433 1981 482 2057 gri
496 2000 577 2058 quem
592 1985 689 2058 scripsi
710 2000 763 2058 ego
780 1983 914 2057 Georgius
930 1982 1001 2039 iilius
1016 1982 1064 2038 lin‘r

110 2069 190 2126 Pauli
206 2069 285 2142 Regii
307 2068 404 2124 militis
425 2069 459 2124 de
476 2066 601 2141 Georgiis
623 2068 657 2123 de
671 2068 751 2124 Jadra
773 2077 801 2124 et
822 2067 959 2142 compleui
974 2067 1065 2123 Padue

111 2155 156 2210 die
184 2169 241 2212 xvr
268 2154 370 2209 mensis
392 2151 518 2210 Octobris
543 2154 609 2210 hora
632 2172 674 2209 xx
701 2153 845 2209 millesimo
872 2154 1063 2208 trecentesimo

110 2239 295 2312 nonagesimo
311 2245 389 2293 serto
411 2246 444 2293 et
458 2236 562 2294 habui
584 2237 798 2312 exemplaria
814 2255 829 2294 a
844 2236 997 2293 Venerabili
1012 2235 1065 2293 No·

111 2322 215 2380 bilibus
236 2328 265 2378 et
285 2322 454 2396 sapientibus
476 2324 545 2378 uiris
566 2320 628 2377 diri's
647 2323 729 2377 Petro
751 2321 785 2377 de
805 2320 907 2378 habata
928 2321 1064 2376 Canonico

112 2409 241 2465 Paduano
264 2406 368 2463 lohane
387 2406 489 2462 belline
516 2407 549 2461 de
568 2405 690 2461 Venetiis
711 2406 832 2481 Zanonio
853 2405 887 2461 de
907 2403 1064 2460 Gallonibus

111 2494 144 2550 de
160 2493 297 2549 Vicenzia.
320 2490 418 2565 quibus
435 2498 462 2548 et
478 2489 604 2545 omnibus
626 2491 654 2545 in
669 2488 723 2545 hoc
743 2488 814 2545 libro
838 2487 1012 2544 studentibus
1033 2506 1064 2545 ac

111 2578 195 2633 michi
218 2576 324 2632 Gristus
346 2574 524 2649 Omnipotens
550 2575 679 2648 dignetur
700 2574 820 2648 Spiritus
845 2573 921 2631 Sacri
948 2574 1063 2647 gratiam

110 2662 302 2718 habundanter
322 2660 417 2734 largiri
433 2661 476 2715 cni
492 2659 603 2715 sitlans
619 2667 647 2714 et
663 2677 684 2714 s.
702 2657 742 2733 p.'
767 2688 803 2699 —
825 2659 861 2714 [ie
881 2656 1063 2715 bibliothecae

108 2746 283 2802 Pulaniensis
299 2744 363 2801 iatis
379 2762 404 2802 ιι.
422 2745 569 2819 Serapeum
583 2759 617 2802 vr
632 2762 658 2817 p.
675 2743 715 2800 48
731 2761 765 2800 ιιι
780 2761 806 2818 p.
824 2742 894 2800 333.

174 2865 319 2921 Praeterea
348 2863 380 2920 ad
409 2862 605 2919 restituendam
634 2862 776 2936 uolgarem
802 2863 990 2919 recensionem
1020 2862 1062 2917 usi

108 2967 206 3007 sumus
856 2972 860 2977 ¹

45 3053 92 3107 Au
174 3047 353 3108 editione
374 3046 511 3135 aldina
532 3066 557 3104 a.
573 3064 686 3106 mnxvn
708 3047 741 3104 ab
762 3047 929 3121 hieronymo
944 3048 1062 3103 huantio

108 3144 213 3193 curata.
257 3134 308 3203 Qui
332 3135 460 3207 quoniam
483 3140 557 3191 tanta
579 3150 639 3189 cum
660 3132 801 3206 diligentia
824 3139 852 3189 et
873 3148 940 3188 sano
962 3132 1062 3189 indicio

108 3218 221 3277 adiutus
243 3219 419 3293 conplurium
434 3218 558 3275 codicum
579 3235 644 3274 mss.
667 3217 767 3287 auxilio
783 3215 820 3289 (n.
836 3214 917 3288 inira)
939 3217 1060 3273 intentu

107 3304 307 3362 constituendo
328 3311 455 3360 uersatus
477 3312 533 3366 est,
556 3310 588 3358 ut
602 3304 791 3359 recensionem
813 3301 935 3359 effecerit
956 3301 1063 3373 uolgari

108 3389 290 3451 simillimam,
315 3388 443 3445 editionis
465 3387 602 3444 aldinae
617 3388 823 3449 lectionem,
845 3387 892 3443 ubi
908 3401 970 3440 cum
985 3383 1062 3441 libris

108 3474 271 3546 uolgaribus
294 3473 338 3529 uei
355 3472 481 3530 omnibus
502 3472 548 3529 uel
564 3472 689 3546 pluribus
703 3470 755 3527 ‘uel
771 3488 826 3527 uno
848 3478 877 3528 et
891 3469 978 3525 altero
995 3485 1060 3524 con·

107 3561 233 3622 sentiret,
249 3576 311 3633 pro
327 3558 484 3616 lectione
499 3556 643 3631 uolgata
660 3556 706 3629 (Α)
722 3556 853 3617 dedimus.
869 3555 907 3610 ita
924 3561 1012 3609 tamen
1028 3562 1059 3609 ut
