2544 4046
206 267 247 330 98
487 277 518 325 L.
534 277 668 326 Annum
684 275 841 326 SENECAE

205 433 284 480 Aru.
314 417 419 479 sceleri
436 417 544 479 modus
560 416 695 486 debetur,
719 425 753 479 ut
767 418 858 479 133133
873 416 979 488 333133,

206 522 266 566 333
283 502 336 565 ubi
351 519 489 584 reponas
516 502 575 564 hoc
591 520 709 582 quoque
725 503 863 581 exiguum
880 510 924 563 est
938 502 1021 564 mihi.

171 701 187 735 e
248 674 291 734 Ex
307 671 433 733 uulnere
447 673 513 752 ipso
529 672 703 751 sanguinem
719 669 847 733 calidum
862 673 891 733 in
907 679 956 733 tua

204 758 369 819 defundere
384 775 436 818 333
452 755 557 819 debui:
574 765 607 817 31
622 757 787 817 uiuentium

203 842 324 903 biberes
340 860 489 903 cruorem.
517 839 609 902 uerba
625 847 695 901 sunt
709 842 770 902 irae
787 839 854 901 data

204 928 273 988 dum
291 945 436 1006 propero:
452 926 533 986 13333
548 923 672 987 3313333
689 927 826 1006 inpresso
842 923 920 995 dedi,

206 1012 298 1073 cecidi
314 1012 350 1072 ad
367 1028 442 1081 aras,
460 1009 550 1072 caede
565 1010 664 1070 uotiua
682 1009 764 1071 socos
788 1022 807 1037 ¹·

204 1096 319 1175 placaui
335 1103 365 1156 31
380 1104 462 1158 artus
477 1112 605 1174 corpore
622 1096 758 1156 exanimo
775 1101 931 1170 amputans

202 1184 233 1242 in
250 1198 343 1261 parua
359 1181 458 1258 carpsi
474 1179 567 1241 133313
583 1188 611 1240 31
626 1179 700 1240 haec
716 1178 902 1240 sernentibus

204 1265 332 1327 demersi
348 1267 439 1327 33313.

163 1354 190 1413 3’
475 1347 527 1411 1113
542 1347 630 1409 133113
644 1347 764 1425 ignibus

202 1432 314 1496 stillare
330 1435 415 1504 iussi,
432 1433 567 1495 membra
581 1450 751 1513 neruosque
766 1432 878 1494 abscidi

201 1517 373 1583 uiuentibus
388 1517 550 1598 gracilique
565 1519 703 1579 133133133
720 1535 794 1577 3333

201 1605 318 1682 mugire
332 1602 423 1664 fibras
438 1602 500 1663 uidi
516 1612 545 1664 31
560 1602 675 1681 aggessi
690 1620 780 1662 manu

201 1706 266 1749 mea
283 1689 347 1767 ipse
362 1686 504 1748 11333333.
532 1689 630 1748 omnia
646 1687 720 1748 haec
736 1685 841 1748 melius
855 1692 940 1767 pater

200 1773 306 1834 1331333
321 1772 430 1851 potuit,
448 1772 554 1833 cecidit
568 1773 599 1833 13
615 1789 731 1833 3333333
746 1770 846 1834 dolor:

201 1856 289 1918 scidit
304 1874 356 1918 333
372 1864 456 1919 33133
471 1858 570 1937 inpio,
587 1854 639 1918 sed
656 1857 799 1927 nesciens,

201 1941 252 2003 sed
269 1943 447 2003 3333133133.

166 2056 184 2105 g
245 2039 326 2089 rur.
532 2025 636 2087 Clausa
651 2023 787 2087 litoribus
802 2028 886 2105 uagis

202 2111 301 2172 audite
317 2112 421 2172 maria.
449 2129 504 2171 uos
519 2128 637 2190 quoque
652 2109 751 2172 audite
767 2111 825 2172 hoc
839 2109 936 2173 scelus

200 2213 388 2275 quocumque
401 2195 434 2256 'di
449 2196 571 2273 fugistis.
594 2196 693 2256 audite
708 2195 812 2275 infern]

199 2280 297 2341 audite
313 2288 412 2342 133333
428 2298 546 2359 noxque
561 2287 691 2340 tartarea
706 2282 805 2359 grauis

199 2375 228 2427 31
244 2373 308 2426 3133
324 2365 403 2427 nube
419 2365 544 2427 uocibus
560 2365 669 2426 nostris
686 2382 767 2426 3333.

198 2452 250 2511 tibi
266 2455 334 2511 snm'
348 2449 483 2520 relictus,
500 2448 563 2512 sola
578 2457 610 2510 tu
625 2451 767 2511 miserum
781 2450 876 2518 uides,

197 2542 229 2595 tu
245 2552 364 2614 quoque
379 2537 442 2595 sine
458 2535 554 2595 331313.
583 2541 726 2595 3313333
743 2532 850 2595 faciam
865 2532 1005 2612 inproba:

197 2637 253 2698 pro
269 2638 317 2680 rue
332 2618 405 2680 nihil
420 2618 583 2698 precabor:
600 2619 705 2698 ecquid
720 2619 777 2680 iam
794 2627 893 2698 potest

198 2720 315 2782 prome
331 2704 415 2765 esse?
435 2702 523 2765 uobis
538 2713 605 2765 3313
622 2703 805 2784 prospicient
819 2721 894 2765 moa.

155 2794 181 2870 g'
240 2787 284 2848 Tu
301 2806 416 2849 summe
431 2787 505 2849 caeli
520 2795 619 2848 333133
635 2788 785 2849 aetheriae
802 2796 909 2869 potens

197 2872 365 2934 dominator
380 2871 464 2934 33133
479 2870 608 2933 nubibus
623 2880 717 2934 totum
732 2873 862 2934 horridis

196 2956 342 3018 33333133
357 2957 517 3026 mundum,
534 2955 611 3017 bella
628 2964 785 3019 uentorum
801 2957 932 3035 undique

195 3042 336 3102 conmitto
351 3048 381 3102 et
395 3044 477 3102 omni
491 3049 576 3120 parte
591 3041 755 3103 uiolentunr
769 3043 870 3103 131333

195 3141 344 3202 manuque
360 3142 420 3186 non
437 3143 495 3204 qua
511 3134 588 3187 13313
604 3133 633 3187 31
648 3127 799 3188 inmeritas
814 3125 919 3187 domos
1135 3132 1203 3183 1383

264 3278 329 3329 10116
348 3278 396 3329 ubi
408 3294 430 3329 ω
448 3283 484 3329 31
501 3281 534 3329 ci.
550 3278 579 3328 L.
586 3276 704 3329 Mueller.
724 3278 880 3331 33113333
893 3279 926 3328 31.
940 3277 1009 3329 R.P.
1022 3275 1115 3346 1110157

193 3351 308 3398 lacunam
319 3348 392 3397 33133
404 3363 429 3397 u.
442 3341 543 3411 31313111
557 3347 622 3397 1059
634 3344 789 3397 diffundere
802 3347 826 3396 Α
846 3345 902 3396 def.
917 3341 964 3413 ΕΙΙ
978 3347 1044 3399 1007
1057 3354 1116 3399 trs·

193 3415 266 3466 13313
279 3416 304 3466 Α
317 3416 452 3466 traiectus
471 3410 586 3481 3111072
602 3419 663 3478 port
682 3413 780 3464 313333
798 3431 848 3465 333
866 3416 943 3465 litera
961 3413 1016 3479 (31)
1035 3431 1116 3466 erasa

193 3480 253 3598 Enii
277 3485 342 3536 1073
359 3481 464 3548 tiosquo
477 3480 516 3546 dij
529 3481 554 3531 A
572 3495 622 3531 333
635 3495 743 3547 quoque
756 3481 781 3530 E
803 3478 816 3549 ΙΙ
839 3484 905 3537 1074
917 3482 1061 3548 (1113313113
1073 3485 1117 3533 uel

194 3549 223 3598 di
245 3550 343 3615 agistis
356 3549 404 3601 Αε
422 3550 461 3601 dii
479 3549 536 3616 fug.
551 3549 628 3599 Gron.
651 3544 663 3614 ΙΙ
687 3550 753 3600 1079
772 3549 880 3614 etquid
898 3566 919 3601 33
937 3548 1035 3617 ecquid
1055 3548 1105 3616 uss
