2536 4046
462 268 661 318 PRAEFATIO
977 273 1037 319 XLI

82 427 194 503 praela
226 423 370 484 ‘nostrum
386 427 495 502 quidem
511 429 644 503 tragicam
666 430 704 485 ita
719 430 848 503 probauit
862 430 924 487 Joir.
940 431 1038 506 Regio·

83 522 237 569 montanus
267 505 405 588 [loannes
432 512 545 569 Mueller
571 530 597 569 n.
623 511 846 589 iioenigsbergae
870 515 1036 572 Francorum

85 597 173 655 1436
189 595 212 667 †
226 596 325 653 Romae
342 591 439 673 1476]
461 597 667 654 mathematicus
689 599 837 660 excellens,
859 608 890 657 ut
912 617 960 657 sua
976 617 1036 658 cum

83 699 171 738 manu
186 680 334 755 diligenter
354 689 382 737 et
397 690 513 738 uenuste
528 682 713 756 descripserit.
744 700 824 758 quern
844 684 944 741 librum
966 685 1037 759 apud

83 765 238 841 Georgium
260 765 417 840 Agricolam
436 767 606 841 praeclarum
630 767 824 843 philosophum
851 786 865 825 a
886 786 929 825 me
948 772 1037 826 uisum

83 850 250 908 adolescens
264 850 370 908 contuli
386 867 410 907 e.
427 869 453 926 q.
470 851 507 907 s.'
542 851 587 909 Ει,
601 852 697 909 eodem
713 853 806 910 codice
824 854 933 910 uidetur
946 855 1038 928 perio·

82 937 153 993 ciras
170 936 372 1009 tragoediarum
389 937 499 992 nomine
510 937 602 993 Lutati
618 939 786 1010 grammatici
801 938 948 1011 insignitas
964 934 1037 1013 lsnnt

83 1028 182 1077 autem
202 1020 336 1076 libertini
356 1014 479 1093 illussati)
506 1021 695 1096 descripsisse.
738 1022 896 1080 Fabriciana
917 1022 1036 1080 conlatio

83 1106 252 1162 adseruatur
267 1104 294 1160 in
309 1103 473 1161 bibliotheca
488 1106 631 1162 ilresriensi
653 1103 792 1163 ‘Senecae
807 1107 964 1180 tragoedias
978 1109 1036 1165 iias.

86 1188 311 1247 152980011111
333 1190 416 1245 uariis
438 1189 513 1247 lectt.
535 1207 550 1246 a
572 1190 604 1246 G.
626 1189 750 1247 Fabricio
776 1192 872 1250 ecotl.
894 1210 944 1249 ms.
965 1210 1036 1248 anno

85 1273 173 1332 1538
195 1274 330 1330 enotatis’
358 1289 385 1328 ιι.
405 1273 489 1331 libert
509 1274 606 1332 Geseh.
629 1292 655 1331 u.
677 1274 786 1332 Besclr.
806 1276 832 1333 6.
855 1276 947 1333 iiresd.
969 1277 1036 1335 Bibl.

153 1463 346 1525 Antonius
365 1463 498 1525 liolrio
520 1466 573 1541 (ed.
592 1468 673 1527 1576
690 1476 718 1525 et
734 1466 827 1543 1593)
848 1470 900 1525 hos
915 1468 1038 1526 adhibuit

83 1551 192 1609 libros:
207 1551 440 1623 Aquitanicae
456 1569 524 1609 ms.
541 1548 654 1628 ‘quibus
669 1562 840 1629 sumposion
857 1554 935 1610 usus’
952 1552 1036 1625 (com-

83 1644 174 1694 ment.
197 1636 230 1692 ad
251 1636 310 1693 liet.
331 1634 420 1709 405),
448 1636 683 1711 Lugdunense
711 1639 847 1713 exemplar
870 1656 894 1694 a.
918 1638 1000 1696 1536
1022 1655 1036 1694 a

82 1721 229 1779 Ladonioo
239 1720 368 1777 Carrione
383 1722 440 1777 icto
456 1719 494 1794 (n.
510 1720 591 1778 1547
604 1721 627 1793 †
639 1722 732 1796 1597)
748 1740 809 1779 cum
824 1739 863 1780 111
877 1723 953 1780 codd.
971 1739 1036 1780 mss.
1074 1724 1078 1731 ’

84 1805 206 1879 Belgicis
228 1805 378 1868 conlatum.
401 1822 433 1862 en
449 1805 549 1880 quibus
565 1806 723 1864 'insanus
744 1809 902 1864 nominatur
921 1806 1034 1863 added.

84 1890 150 1948 871
174 1888 289 1961 (comm.
311 1906 338 1963 p.
364 1888 456 1961 132).
484 1891 778 1964 Burdogalensem
803 1891 836 1948 ab
861 1891 917 1948 iilia
940 1893 1036 1948 Vineto

83 1990 252 2032 concessum
274 1990 329 2029 non
353 1982 441 2031 tamen
462 1975 600 2049 integram
621 1974 729 2049 (comm.
746 1994 773 2051 p.
790 1975 862 2049 301)
884 1973 1036 2033 ‘licinia-

84 2058 184 2116 num'
200 2060 243 2115 cui
256 2075 342 2133 pauca
358 2060 437 2115 initio
453 2068 481 2115 et
495 2059 549 2116 fine
565 2060 658 2117 loliola
673 2062 786 2117 deerant
801 2061 836 2133 (is
846 2068 905 2117 erat
915 2062 1036 2136 optimus

85 2145 211 2200 omnium
227 2142 327 2217 quibus
344 2142 431 2199 licinio
448 2161 514 2200 usus
530 2144 597 2217 est),
617 2145 808 2219 Eguiannm
828 2142 859 2220 (s.
876 2146 1036 2202 Chauuinia·

84 2245 154 2285 num
170 2246 192 2285 s.
209 2222 411 2301 illlangianum)
434 2243 514 2302 quem
530 2229 622 2285 Simon
638 2229 783 2304 liiiaugius
799 2238 909 2303 typogr.
925 2246 1037 2287 conmo-

84 2313 167 2369 dauit
186 2312 306 2369 ileirioni
328 2321 468 2387 acceptum
491 2314 563 2371 alo.
584 2312 736 2371 Chauuiuio
756 2315 882 2389 praeside
901 2315 1035 2386 Egniano,

84 2398 343 2472 moguntinum,
360 2414 441 2472 quem
457 2399 595 2472 integrum
610 2398 678 2454 dicit
692 2398 741 2454 sed
754 2414 871 2471 prorsus
886 2406 1033 2455 recentem.

84 2480 288 2539 adseruabatur
313 2482 342 2537 in
369 2481 496 2556 conlegio
522 2481 661 2539 societatis
682 2483 744 2537 iesu
768 2482 958 2556 moguntiaco,
988 2482 1035 2538 nisi

86 2576 181 2624 tamen
196 2565 278 2625 hodie
294 2567 329 2621 sit
344 2569 475 2623 nescitur.
505 2569 619 2623 maxime
635 2574 677 2622 est
693 2565 876 2640 interpolatus
887 2583 937 2624 nec
952 2565 1036 2623 uilius

84 2652 181 2727 pretii.
212 2650 325 2706 Accedit
339 2650 408 2708 liber
424 2650 658 2709 Winclcelinni
674 2650 793 2725 conlegii
812 2650 992 2708 iouaniensis
1008 2660 1036 2708 et

83 2736 280 2792 Vaticanus
308 2735 407 2809 ‘quem
429 2737 513 2793 semei
536 2744 639 2792 tantum
666 2735 826 2810 inspiciendi
850 2737 915 2792 mihi
937 2737 1035 2793 Romae

83 2821 176 2878 otium
193 2818 270 2875 iuit'.

151 2935 287 2995 tuitus
306 2933 460 3012 Lipsius
486 2937 588 3012 (praei.
612 2938 692 2995 1587
715 2938 757 2994 ed.
781 2937 879 3010 1588)
906 2955 972 2994 usus
993 2946 1036 2994 est

83 3022 252 3079 lielisseo
269 3037 349 3095 quem
365 3040 379 3077 a
396 3022 478 3079 Paulo
491 3021 605 3079 Schedio
617 3022 725 3079 lieiisso
742 3023 814 3079 dono
830 3030 974 3096 acceperat
989 3020 1034 3095 (ci.

83 3107 161 3181 Lipsi
181 3106 267 3179 prael.
288 3106 322 3162 ad
336 3104 461 3179 Raphel.)
482 3114 510 3162 et
525 3106 719 3163 llrteiiano.
765 3106 856 3163 linitis
877 3124 943 3164 uero
965 3108 1034 3165 iocis

83 3192 133 3249 ubi
156 3189 278 3246 ‘librum
301 3192 398 3246 suum’
423 3199 609 3248 conmemorat
629 3200 720 3247 utrum
738 3191 837 3248 librum
860 3191 932 3249 dicat
952 3193 1035 3248 ambi·

83 3292 172 3350 guum
201 3282 257 3340 est;
287 3292 450 3350 quamquam
478 3276 642 3350 aliquotiens
672 3276 705 3332 de
731 3275 861 3334 llrteliani
889 3276 1033 3351 scripturis

83 3359 290 3435 Rophelengius
306 3377 357 3416 nos
374 3360 506 3417 certiores
522 3360 595 3417 lacit.

149 3467 208 3528 tir.
225 3465 520 3544 Ruphslengius
541 3468 635 3545 (praei.
654 3469 735 3528 1588
752 3470 794 3527 ed.
813 3468 905 3541 1589)
927 3477 1035 3543 praeter

54 3619 57 3625 ,
82 3555 233 3613 Abrahami
257 3554 371 3611 Orteli
393 3555 492 3612 librum
513 3556 591 3612 cuius
613 3556 747 3611 lectiones
771 3555 856 3629 Rapit.
884 3554 915 3611 ad
938 3554 1035 3627 margi·
