2504 4040
517 211 667 260 OEDIPVS

227 355 352 413 frontem
369 352 460 411 rarnis
474 361 577 412 texere
592 353 694 421 nouis,

226 438 437 513 dominumque
454 454 542 497 canes
559 454 647 513 egere
662 438 768 498 suum?

269 606 416 683 Praeceps
430 605 519 666 situas
534 615 710 683 montesque
726 606 801 685 fugit

226 692 300 751 citus
315 692 443 751 Actaeon
460 689 586 769 agilique
602 693 695 767 magis

225 775 300 853 pede
316 774 476 854 perscitus
492 794 525 834 ac
541 794 609 836 saxa
626 793 719 854 uagus

226 862 329 921 metuit
345 867 440 920 motas
455 859 590 937 zephyris
605 859 721 938 plumas

227 952 255 1005 et
268 962 345 1024 quae
360 946 459 1021 posuit
473 946 548 1004 retia
564 946 647 1005 uitat.

269 1114 369 1173 Donec
383 1112 490 1192 placidi
506 1112 595 1173 ioutis
609 1116 638 1174 in
657 1115 732 1175 unda

226 1216 364 1258 cornua
381 1198 454 1258 uidit
469 1197 626 1277 uultusque
642 1200 736 1264 ieros,

226 1282 276 1342 uhi
291 1284 439 1359 uirgineos
455 1282 570 1343 iouerat
585 1292 666 1343 artus

225 1367 444 1428 nimiunn'saeui
459 1368 527 1428 (tiara
543 1366 692 1447 pudoris]

436 1633 596 1680 OEDIPVS.
620 1632 756 1681 locust.

100 1814 119 1848 a
184 1789 275 1850 Coras
291 1789 420 1849 renotuit
434 1790 551 1849 animus
567 1799 596 1850 et
611 1792 718 1869 repetit
733 1798 838 1851 metus.

137 1873 237 1935 obisse
252 1881 354 1933 nostro
369 1874 471 1935 Laium
488 1872 602 1934 sceiere
617 1884 769 1935 autumant

137 1959 240 2038 superi
254 1958 414 2038 inferique,
431 1958 483 2019 sed
500 1961 615 2019 animus
634 1968 737 2020 contra
752 1962 897 2022 innocens

137 2044 253 2121 sibique
269 2041 377 2103 meiius
389 2060 478 2120 quarn
494 2044 556 2103 deis
571 2050 659 2105 notus
675 2054 772 2123 negat.
865 2063 871 2073 ·

97 2137 117 2186 b
182 2128 269 2188 Redit
284 2129 426 2188 memoria
442 2136 531 2188 tenue
546 2147 600 2207 per
616 2132 773 2206 uestigium

137 2212 280 2273 cecidisse
297 2214 389 2272 nostri
402 2214 510 2291 stipitis
526 2213 612 2291 puisu
628 2213 750 2275 obuium

136 2298 299 2375 datumque
315 2297 387 2365 Diti,
404 2316 469 2357 curn
486 2300 569 2375 prior
583 2300 722 2360 iuuenem
739 2316 830 2360 senex

136 2399 226 2443 cursu
243 2380 390 2458 superbus
406 2381 530 2460 petieret
546 2381 656 2444 Thebis
674 2383 778 2460 procui

135 2467 269 2546 phocaea
287 2466 397 2527 trifidas
410 2468 494 2545 regio
510 2485 565 2547 qua
582 2468 689 2528 scindit
705 2469 776 2528 uias.

96 2548 126 2608 a‘
182 2551 323 2610 Vnanima
340 2553 469 2611 coniunx
485 2551 598 2629 explica
615 2570 733 2613 errores
749 2570 866 2629 precor.

134 2653 214 2713 quae
229 2636 319 2714 spatia
336 2637 465 2696 moriens
481 2636 569 2696 Laius
582 2639 661 2697 uitae
677 2636 765 2697 tulit?

133 2721 273 2800 primone
289 2722 318 2780 in
335 2737 409 2781 aeuo
425 2721 528 2780 uiridis
544 2739 579 2781 an
595 2722 690 2782 tracto
705 2722 830 2783 occidit?

134 2815 207 2866 100.
230 2806 307 2865 inter
322 2822 423 2865 senem
439 2806 639 2885 iuuenemque
654 2807 706 2873 sed
721 2810 843 2886 propior
859 2809 932 2868 seui.

94 2890 124 2948 b'
182 2900 263 2949 orel).
288 2889 479 2968 Frequensne
495 2890 580 2950 turba
596 2893 711 2969 regium
728 2894 818 2952 cinxit
833 2891 926 2952 latus?

134 3060 341 3068 -—-—-—--

205 3162 254 3212 778
276 3176 326 3225 per
343 3160 430 3210 siluas
449 3167 472 3223 ψ
488 3156 500 3226 Η
517 3177 550 3211 ac
567 3161 593 3210 E
616 3166 644 3211 et
662 3162 686 3210 A
704 3158 715 3228 ΙΙ
733 3164 782 3213 779
799 3164 927 3227 zephyris
945 3165 985 3214 εΑ
1009 3180 1054 3214 ze·

132 3229 223 3295 phyro
246 3229 353 3279 Vratisi.
371 3227 421 3279 Bo.
447 3224 458 3294 Η
482 3230 531 3279 782
549 3230 628 3280 ferox
646 3229 695 3294 Eo
725 3231 799 3281 feros
818 3232 842 3280 A
866 3228 878 3298 Η
902 3232 951 3283 783
970 3232 1009 3281 ibi
1028 3231 1053 3280 E

132 3296 184 3346 ubi
203 3298 228 3345 A
251 3292 263 3361 Η
287 3298 336 3348 790
354 3296 435 3361 pulsu
452 3296 551 3360 EMqu
570 3296 688 3361 impulsu
707 3299 731 3346 A
750 3314 840 3349 uersus
857 3315 903 3351 om.
922 3307 945 3363 ψ
967 3293 981 3364 {l
1004 3300 1052 3348 791

133 3365 283 3427 datumque
304 3372 349 3428 εψ
368 3364 461 3414 dutum
481 3380 541 3415 esse
560 3361 603 3430 A!
624 3367 672 3416 ⁷92
692 3381 772 3415 curru
785 3383 806 3417 ω
825 3382 916 3418 cursu
932 3366 1028 3429 scripsi
1046 3364 1055 3434 ss

132 3432 288 3565 Thebpplp
318 3429 329 3498 ΙΙ
358 3435 408 3483 793
430 3433 458 3482 in
477 3433 575 3499 tritu
612 3430 615 3499 Ι
644 3435 694 3484 794
714 3435 914 3499 explicerrores
932 3432 958 3483 E
978 3449 1050 3485 erro

131 3516 191 3550 rem
592 3546 594 3553 s
