2544 4046
508 271 688 322 THYESTES

135 416 304 497 foedusque
319 415 452 491 iungent.

136 515 241 563 rerer.
489 516 577 577 quam
592 504 691 558 tamen
707 495 841 558 iraudem
856 497 961 558 times?

82 575 121 634 δ’
181 598 263 645 rm.
287 584 429 645 Omnem:
445 583 545 642 timori
560 599 648 660 quem
664 598 730 642 meo
746 589 871 644 statuam
887 580 1029 643 modum?

109 713 112 718 -
137 677 253 733 tantum
269 676 367 747 potest
382 673 525 747 quantum
541 665 609 727 odit.

137 768 242 817 rerer.
665 750 696 811 in
712 758 740 811 te
754 748 825 830 quid
840 751 957 830 petesti

138 853 221 901 THY.
244 855 301 916 pro
316 854 364 898 me
379 834 453 898 nihil
468 836 524 897 iem
541 842 657 906 metuo,
673 835 839 896 uosiaeitis
854 834 929 913 mihi
1075 836 1125 887 489
1188 838 1192 843 ·

139 926 227 985 Atrea
243 922 417 983 timendum.

139 1021 243 1069 ΤΑΝΤ.
454 1004 551 1084 decipi
567 1010 670 1084 ceptus
684 1004 789 1065 times?

86 1153 89 1163 ,
141 1105 223 1153 ΤΗΥ.
246 1108 347 1152 serum
363 1096 408 1151 est
423 1088 548 1151 cauendi
563 1096 681 1168 tempus
696 1090 727 1149 in
742 1087 846 1150 mediis
858 1086 955 1149 malie.

112 1178 129 1230 f
187 1175 289 1237 Eatur.
318 1192 410 1236 unum
427 1174 542 1253 genitor
556 1173 614 1234 hoe
628 1180 723 1234 tenter
737 1181 852 1234 temen:

141 1278 197 1338 ego
213 1277 268 1320 uos
283 1276 392 1340 sequor
407 1276 468 1320 non
484 1258 570 1320 duco.

140 1357 245 1407 ΤΑΝΤ.
612 1343 753 1420 respiciet
768 1339 841 1403 deus

140 1430 218 1491 bene
234 1428 371 1507 cogitata.
383 1428 430 1472 '-
445 1443 536 1507 perge
552 1444 612 1488 non
628 1426 718 1487 dubio
733 1426 837 1503 gradu.
1075 1428 1127 1478 490

141 1625 287 1676 Arssnvs.
304 1624 492 1676 THYESTES.
510 1623 694 1674 TANTALVS
704 1622 920 1674 PLIS'I'HENES
931 1623 1057 1672 ΤΑΟΙΤΙ.

104 1769 123 1804 a
186 1749 284 1829 Plagis
299 1756 416 1811 tenetur
432 1747 529 1811 clausa
546 1748 694 1827 dispositis
709 1747 787 1809 iere:

143 1841 173 1896 et
188 1835 285 1912 ipsum
303 1841 404 1896 etune
419 1835 539 1911 generis
553 1834 642 1894 inuisi
656 1831 786 1894 indolem

141 1920 274 1980 iunctam
290 1920 405 1998 parenti
424 1936 525 1981 cerno.
555 1919 612 1978 iam
629 1924 692 1979 tuto
707 1915 774 1978 loeo
795 1974 798 1983 .

141 2010 303 2064 uersentur
318 2003 399 2064 odia:
415 2005 497 2064 uenit
511 2005 542 2063 in
557 2009 674 2065 nostras
689 2019 794 2063 manus

141 2088 263 2149 tandem
278 2088 437 2166 Thyestes,
453 2089 550 2156 uenit,
568 2094 597 2149 et
611 2095 690 2148 totus
705 2087 834 2166 quidem.

105 2173 125 2226 b
189 2170 243 2232 Vix
257 2181 393 2250 tempero
408 2174 523 2243 animo,
539 2173 588 2233 uix
605 2171 690 2232 dolor
706 2172 806 2233 irenes
822 2170 908 2249 capit.

92 2322 93 2325 ,
142 2257 186 2317 sic
202 2275 269 2317 eum
285 2256 364 2318 ieras
378 2259 505 2335 uestigat
520 2262 550 2317 et
565 2256 653 2336 longo
669 2273 758 2334 sagax

143 2338 210 2401 toro
226 2349 344 2402 tenetur
362 2340 469 2402 Vmber
484 2360 520 2402 ae
533 2358 638 2420 presso
653 2342 718 2402 uias

144 2433 294 2486 scrutatur
309 2443 362 2486 ore
378 2426 447 2486 dum
463 2423 569 2504 procul
583 2424 663 2495 lento
678 2442 761 2485 suem
803 2470 806 2477 >
882 2466 885 2471 -

145 2509 239 2571 odore
254 2504 358 2571 sentit:
381 2518 467 2588 paret
481 2518 511 2572 et
525 2512 613 2572 tacito
628 2509 727 2570 locum

144 2602 245 2654 rostro
259 2603 405 2673 pererrat.
423 2594 538 2674 praeda
555 2614 623 2656 eum
638 2595 762 2675 propior
778 2593 841 2662 fuit,

145 2680 265 2740 ceruice
280 2687 341 2741 tota
356 2687 469 2759 pugnat
483 2687 512 2740 et
527 2682 637 2758 gemitu
654 2686 743 2739 uocat

145 2763 299 2825 dominum
314 2772 478 2826 morantem
495 2782 586 2844 seque
601 2764 741 2825 retinenti
756 2763 852 2841 eripit.

70 2920 74 2924 ,
103 2840 132 2901 b'
190 2848 263 2909 Cum
279 2856 379 2928 sperat
394 2849 436 2910 ira
452 2852 626 2927 sanguinem
642 2849 738 2910 nescit
751 2850 822 2928 tegi,

215 3086 266 3136 484
289 3088 422 3150 quantum
444 3103 470 3151 p.
494 3090 564 3137 tant.
583 3085 625 3136 od.
651 3102 669 3136 α
703 3088 811 3135 tantum
834 3100 860 3149 p,
885 3084 1017 3148 quantum
1040 3096 1063 3132 ο.

145 3148 239 3272 Ep]
274 3153 324 3203 487
352 3154 436 3208 ΤΗΥ.
456 3170 503 3205 om.
523 3171 545 3205 ω
566 3156 680 3246 restittit
699 3153 771 3204 Grut.
800 3148 812 3218 ΙΙ
841 3151 891 3202 488
909 3150 993 3203 ΤΗΥ.
1012 3156 1063 3230 etp,

145 3236 198 3338 iii
216 3219 1064 3357 reiitiziitiittet.‘'iiiitt‘iiiiiiit:

78 3369 85 3378 ·
144 3355 346 3408 THYESTES.
380 3357 580 3409 TANTALVS.
615 3353 857 3409 PLISTHENES,
893 3348 1062 3419 TiAiOIiTiIi

145 3423 171 3473 E
194 3419 206 3490 11
228 3427 279 3477 493
298 3426 326 3475 in
343 3425 405 3477 loeo
424 3426 449 3476 Α
473 3429 503 3476 in
520 3442 570 3477 om.
588 3425 614 3476 Ε
641 3421 653 3492 ΙΙ
682 3426 732 3475 496
754 3424 848 3474 frenos
867 3421 945 3472 dolor
962 3419 988 3470 Ε
1009 3417 1064 3470 dol.

145 3492 216 3546 fr.A
239 3489 252 3559 ΙΙ
279 3493 329 3545 499
347 3494 423 3545 ieras
441 3494 467 3544 Ε
481 3494 504 3555 (e
521 3510 580 3544 am.
594 3492 631 3554 2.)
656 3489 668 3559 ss
694 3493 819 3556 uestigat
831 3488 856 3538 Ε
875 3489 971 3552 (ultima
989 3488 1066 3538 litera

145 3576 162 3609 a
179 3576 210 3611 m.
223 3560 262 3626 2.)
286 3556 298 3628 ll
322 3562 372 3613 498
390 3562 485 3613 lotoE
502 3561 599 3614 ioroA
623 3556 635 3626 Η
664 3562 714 3611 504
732 3559 855 3623 spirate»
873 3561 967 3621 eperat
979 3555 1030 3605 ΕΑ
1043 3550 1055 3621 ΙΙ
