2536 4046
400 275 583 324 nencvnns
608 262 772 348 [nunnus]

122 416 278 478 reuocabo
294 418 324 476 in
340 416 397 476 ulta
415 417 562 477 conditam
578 417 703 495 caligine

124 502 202 564 ultra
219 510 380 562 nocentum
397 500 482 561 exilia
498 501 667 563 discordem
684 503 768 564 deam

124 606 215 666 quam
231 589 327 647 munit
341 586 445 663 ingens
461 588 569 647 montis
585 589 712 666 oppositi
727 606 845 666 specus.

127 669 270 753 [educam
285 680 314 732 et
329 673 388 731 imo
404 672 482 733 Ditis
496 688 514 730 e
528 689 624 747 regno
639 667 815 754 extraham]

79 770 108 819 d
170 754 316 835 Quicquid
332 754 469 815 relictum
485 762 530 815 est
546 758 653 817 ueniat.
678 757 808 817 inuisum
827 755 925 819 scelus

125 859 274 920 suumque
289 838 424 901 lambens
439 840 613 916 sangninem
629 841 756 919 inpietas
771 841 856 902 lenos

126 942 274 1002 errorque
290 932 319 985 et
333 925 364 984 in
379 942 411 985 se
426 942 546 1002 semper
561 935 692 986 armatus
708 924 803 986 lutor.

125 1009 184 1069 hoe
198 1008 256 1068 hon
273 1009 408 1069 ministro
423 1016 524 1069 noster
540 1016 639 1070 utatur
655 1009 748 1070 dolor.

73 1102 110 1151 ‹1‘
169 1094 293 1172 lucipite
308 1092 436 1154 famulae
451 1093 533 1154 Ditis.
559 1094 713 1155 ardentem
730 1096 804 1155 citae

125 1179 276 1241 concutite
292 1179 393 1256 pinum
410 1186 439 1238 et
454 1194 560 1254 agmen
577 1178 758 1239 horrendum
775 1179 922 1258 anguibus

124 1263 262 1339 Megaera
278 1262 366 1324 ducat
381 1270 470 1340 atque
485 1262 611 1324 luctifica
634 1282 724 1324 manu

127 1356 240 1408 uastam
256 1364 330 1424 rogo
344 1346 489 1426 flagrante
505 1348 648 1425 corripiat
662 1348 789 1408 trabem.

82 1456 106 1490 e
164 1431 227 1491 lloe
242 1432 328 1509 agite.
353 1449 465 1510 poenas
480 1433 572 1509 petite
588 1431 714 1492 uiolatae
730 1432 838 1510 Stygis.

126 1517 275 1577 concutite
289 1523 402 1594 pectus.
426 1518 523 1577 acrior
539 1524 667 1576 mentem
684 1525 829 1595 excoquat

125 1619 214 1678 quam
231 1601 282 1679 qui
297 1601 420 1661 caminis
435 1602 512 1678 ignis
527 1601 655 1660 aetnaeis
671 1601 751 1661 lusit.

124 1693 158 1744 ut
175 1686 267 1761 possit
282 1686 381 1745 animo
398 1694 502 1764 captus
517 1684 633 1746 Alcides
649 1688 695 1763 agi

125 1787 235 1847 magno
251 1767 353 1830 lurore
371 1774 512 1848 percitus,
530 1769 618 1830 nobis
632 1772 716 1849 liuius

124 1852 330 1914 insaniendum
347 1864 401 1915 est.
432 1855 505 1915 luno
521 1872 574 1914 cuc
589 1855 720 1915 nondum
737 1853 828 1915 lunis?

73 1945 109 1996 ε’
168 1938 687 1999 Memesonoresmentedeiectam
704 1957 770 1999 mea
814 2000 818 2010 ,

125 2029 244 2083 uersate
260 2025 395 2101 plimam,
413 2022 512 2084 lacere
528 2025 553 2082 si
569 2025 725 2103 quicquam
742 2033 855 2103 apparo

125 2107 249 2184 dignum
267 2125 405 2168 nouerca.
436 2115 502 2167 uota
519 2117 672 2170 mutentur
685 2127 760 2169 mea.

125 2200 232 2267 gnatos
247 2209 388 2252 reuersus
403 2191 503 2252 uideat
516 2192 680 2254 incolumes
695 2211 804 2271 precor

126 2294 276 2355 manuque
291 2276 375 2335 lentis
388 2276 501 2337 redeat.
532 2279 632 2338 inueni
648 2278 724 2337 diem

125 2362 222 2421 inuisa
239 2378 298 2439 quo
314 2378 368 2421 nos
383 2360 520 2422 Herculis
537 2363 631 2421 uirtus
646 2363 737 2421 iuuet.

71 2437 113 2495 e''
168 2444 214 2505 lle
231 2446 303 2506 uicit
317 2454 346 2505 et
361 2464 393 2505 se
408 2447 518 2507 uineat.
551 2441 592 2529 [et
606 2449 712 2521 cupiat
727 2448 805 2505 mori

194 2648 227 2696 94
250 2644 345 2713 quam)
364 2663 389 2696 m
419 2664 450 2700 m.
467 2664 520 2699 sec.
539 2648 564 2696 E
589 2662 643 2712 qna
661 2648 749 2712 mugit
767 2664 786 2697 α
815 2643 827 2715 ll
861 2651 895 2700 95
922 2666 1041 2714 eregno

122 2713 227 2777 ditisu
245 2715 331 2765 delecti
344 2730 444 2765 uersum
465 2711 477 2782 ll
505 2717 538 2765 96
557 2716 654 2765 ueniat
670 2716 747 2765 utini
763 2717 818 2776 (lin.
834 2720 963 2780 transfixa
978 2718 1039 2781 del.)

120 2781 245 2831 inuisum
267 2780 357 2831 scelus
379 2784 405 2832 V
429 2784 526 2833 ueniat
549 2784 568 2835 i.
586 2799 625 2832 sc.
645 2782 669 2832 A
709 2790 769 2847 post
786 2785 882 2834 ueniet
905 2788 966 2836 add.
987 2802 1039 2837 sec.

120 2866 157 2899 m.
176 2849 212 2898 ul‘
229 2849 255 2899 E
272 2849 309 2899 ul’
323 2850 417 2899 ueniet
434 2849 553 2902 occino.
572 2851 635 2901 nto
659 2847 671 2917 ΙΙ
700 2854 732 2902 99
750 2849 782 2901 nr
796 2851 892 2914 factum
910 2870 946 2904 ecc
964 2869 1042 2919 semp
1063 2870 1067 2879 ·

125 2916 157 2968 V
176 2912 188 2982 ll
212 2919 261 2967 100
279 2917 400 2970 iuci..te
419 2915 461 2982 (pi
477 2918 577 2983 syttata
595 2920 683 2982 erasa)
706 2920 732 2967 V
753 2920 857 2969 inuitae
871 2921 895 2969 Α
915 2923 991 2971 citae
1005 2923 1041 2974 E¹

119 2984 177 3033 rite
200 2983 227 3032 V
238 2979 250 3050 Η
264 2986 311 3035 101
331 2984 468 3049 anguibus
486 3001 532 3035 om.
551 2985 587 3034 E*
604 2982 616 3052 ΙΙ
633 2989 682 3037 103
700 2987 836 3050 flagrante
858 2986 964 3038 E²V²A
984 2992 1042 3042 inu.

115 3067 177 3104 err.
208 3052 375 3116 flagrantem
394 3052 538 3116 Antion
567 3049 579 3119 ll
609 3053 657 3104 104
675 3054 798 3104 uiolatae
817 3054 842 3104 E
865 3056 969 3106 uiolata
992 3057 1043 3108 Vt

120 3137 158 3169 an
170 3119 336 3170 uiduetset
355 3115 367 3184 ΙΙ
381 3121 443 3185 Ι100
461 3122 559 3185 parcit’
576 3122 602 3169 V
627 3118 639 3188 ll
670 3123 718 3173 109
736 3121 804 3171 furit
820 3123 869 3173 VA
894 3123 963 3175 furis
983 3124 1043 3175 eT²

119 3186 195 3252 Meg.
225 3183 237 3255 Η
273 3189 322 3239 110
344 3187 480 3239 deiectum
499 3186 535 3261 (m
554 3189 614 3239 add.
631 3205 683 3239 sec.
702 3188 744 3256 m.)
764 3188 789 3238 E
817 3186 829 3256 Η
854 3192 900 3240 111
920 3191 1042 3255 uersato)

121 3288 137 3322 e
159 3272 185 3320 in
197 3286 252 3324 ras.
265 3269 303 3320 Εἲ
325 3278 330 3337 Ι
366 3275 414 3322 112
432 3264 552 3325 ‘cossim
570 3277 634 3324 mut.
652 3275 677 3323 V
697 3273 753 3324 iem
766 3274 829 3324 odia
841 3278 867 3326 in
878 3274 1003 3331 ras.E²A
1021 3273 1034 3342 ΙΙ

120 3341 173 3390 113
199 3354 330 3390 reuersus
365 3355 397 3390 us
419 3340 518 3405 sgttaba
554 3344 580 3392 in
598 3357 650 3392 ras.
669 3340 707 3391 Ε2
727 3338 739 3407 ΙΙ
768 3343 816 3391 116
834 3345 879 3394 Me
897 3344 1040 3409 pariterA

564 3423 645 3476 paritor
766 3423 836 3471 sactus
851 3425 925 3464 l'urons

118 3474 229 3540 pariter
241 3473 278 3525 E²
295 3477 321 3526 in
338 3490 393 3526 ras.
411 3476 456 3526 Me
474 3476 544 3526 uicit
562 3482 636 3528 etse
654 3478 751 3528 uincet
768 3483 797 3528 et
815 3477 908 3542 cupiet
925 3477 994 3528 mori
1015 3477 1044 3527 V

116 3544 206 3594 delent·
223 3559 267 3593 uu.
286 3540 449 3594 nob-117³
474 3540 486 3610 [l
1019 3564 1022 3569 <
