2576 4044
521 251 720 301 Annunnuo

312 410 383 452 aura
399 393 516 470 siringii
531 389 617 451 litora
632 399 694 452 inin

313 477 537 554 timidusque
553 477 628 536 meri
643 477 765 537 eredere
782 475 918 538 cumbam

312 579 395 622 remo
412 571 506 621 terras
521 562 662 638 propiore
676 559 755 639 legit.

402 824 665 873 CLYTEMESTRA.
688 826 830 873 NVTRIX.

200 982 275 1054 Quid
292 983 391 1059 segnis
406 982 504 1042 anime
519 988 581 1041 tuta
597 980 718 1041 consilia
735 983 866 1059 expetis?

157 1068 226 1146 quid
242 1066 412 1127 fluctuaris?
436 1064 534 1126 cleosa
550 1066 609 1125 iam
626 1064 729 1126 melior
746 1067 793 1127 uie
810 1076 863 1127 est,

157 1152 238 1212 licuit
253 1151 377 1228 pudicos
393 1150 527 1227 coniugis
543 1149 692 1226 quondam
708 1157 791 1211 toros

157 1244 186 1296 ei
201 1242 319 1314 sceptra
335 1242 413 1295 easta
429 1234 518 1295 uidua
534 1234 624 1295 tutari
640 1233 708 1294 fide.

155 1322 275 1400 periere
291 1337 390 1379 mores
405 1320 450 1379 ius
465 1318 555 1379 decus
570 1320 663 1396 pietas
679 1318 753 1379 fides

157 1405 250 1482 etqui
267 1402 381 1470 redire,
398 1420 464 1462 eum
481 1403 573 1479 perit,
590 1403 687 1461 nescit
702 1402 808 1478 pudor.

156 1489 191 1548 ria
208 1488 291 1547 irena
311 1493 340 1547 et
354 1503 473 1546 omnem
488 1502 582 1565 prona
598 1486 757 1563 nequitiam
773 1488 876 1548 incito:

155 1590 210 1652 per
225 1569 338 1632 seelera
354 1587 473 1648 semper
489 1564 651 1629 sceleribus
665 1576 761 1630 tutum
777 1578 821 1631 est
836 1574 900 1634 iter.

197 1657 310 1716 Tecum
326 1656 388 1733 ipse
405 1671 483 1714 nunc
499 1653 606 1715 euoiue
621 1654 765 1716 femineos
781 1655 879 1727 dolos,

155 1741 234 1820 quod
250 1738 309 1800 ulia
325 1740 453 1799 coniunx
469 1738 579 1814 perfido
596 1744 685 1817 atque
700 1740 786 1816 inpos
801 1742 847 1801 sui

155 1842 257 1886 amore
273 1841 378 1892 caeno,
395 1822 474 1901 quod
490 1821 665 1884 noueroaies
681 1841 785 1885 manus

154 1927 258 1978 ansae,
275 1907 355 1988 quod
371 1907 479 1967 ardens
494 1907 575 1984 inpia
591 1908 676 1984 uirgo
694 1907 757 1968 soce

154 1992 292 2071 phasiana
309 1993 425 2070 fugiens
441 2003 532 2065 regna
548 1990 703 2067 thessalica
720 1992 819 2054 trabe:

156 2078 269 2138 ferrum
286 2093 411 2137 uenena.
441 2074 491 2136 uel
506 2092 681 2153 mycenaees
697 2075 800 2137 domos

155 2163 311 2222 coniuncta
327 2160 408 2221 socio
423 2159 549 2236 profuge
565 2158 672 2220 furtiua
689 2168 763 2219 rate.

57 2272 61 2275 ·
155 2245 225 2325 quid
240 2244 341 2305 timida
356 2243 489 2324 loqueris
504 2243 582 2303 furta
598 2252 628 2304 ei
642 2242 761 2305 exilium
777 2254 807 2306 ei
821 2245 925 2322 iuges?

154 2348 241 2390 soror
255 2332 311 2389 isia
327 2329 405 2389 iecit.
436 2335 465 2389 ie
481 2327 567 2388 decet
581 2330 676 2388 maius
691 2327 784 2389 nefas,

198 2426 301 2473 NVTR.
325 2412 438 2489 Regina
454 2412 586 2473 Danaum
602 2418 631 2472 et
649 2411 779 2473 inclitum
796 2413 894 2474 Ledae
909 2430 1004 2492 genus

154 2499 225 2577 quiri
241 2499 329 2558 tacita
346 2514 449 2559 uersas
464 2495 574 2577 quidue
590 2496 704 2557 consilii
718 2496 857 2576 inpotens

155 2582 266 2643 tumido
283 2583 398 2642 seroces
413 2583 540 2659 impetus
555 2581 653 2640 animo
669 2581 769 2657 geris?

153 2666 222 2727 lieet
236 2667 299 2745 ipse
314 2664 418 2734 sileas,
435 2673 513 2726 ioius
528 2667 558 2724 in
574 2662 656 2725 uultu
674 2674 720 2726 est
734 2666 827 2726 dolor.

154 2752 240 2829 proin
256 2749 397 2830 quiequid
414 2756 473 2819 est,
490 2750 525 2809 do
541 2757 658 2827 tempus
674 2768 708 2810 ae
724 2753 851 2830 spatium
867 2749 929 2812 tihi.

154 2835 233 2913 qnod
249 2837 325 2896 ratio
341 2851 400 2894 non
415 2836 495 2914 quit,
512 2851 600 2912 saepe
616 2836 730 2919 sanauit
747 2853 838 2896 more.

153 3013 355 3021 W.

220 3121 423 3186 Clytemestra
440 3119 530 3185 ubique
547 3115 644 3185 ERGss
662 3121 709 3170 109
729 3118 833 3183 anime)
853 3136 867 3171 e
885 3121 912 3170 in
929 3135 981 3170 ras.
1001 3117 1038 3168 Ε2
1057 3119 1071 3183 ΙΙ

153 3191 201 3239 112
219 3189 304 3239 uidua
324 3202 338 3239 ε
356 3188 551 3253 Beyiomontani
567 3187 632 3237 liber
654 3188 749 3238 iuncte
767 3188 791 3237 Α
822 3184 833 3254 Η
863 3188 966 3238 121111.
986 3201 1072 3252 grone

151 3256 176 3305 Ε
188 3253 201 3320 ss
212 3256 260 3306 122
273 3258 434 3306 mioeenees
446 3255 541 3306 domos
552 3254 578 3303 E
596 3256 750 3305 mioeneam
762 3254 870 3305 domum
884 3255 905 3306 (ι’
917 3254 1073 3319 Mycenaea

151 3323 231 3373 domo
250 3324 275 3373 A
293 3339 383 3374 nerem
401 3318 505 3388 0111.in
523 3322 572 3373 125
590 3320 672 3373 Soror
689 3322 715 3370 E
729 3322 911 3375 Gesobriciue
929 3321 993 3372 Sors
1011 3322 1037 3370 A
1058 3320 1072 3383 ΙΙ

152 3392 202 3440 126
220 3395 249 3440 ei
266 3406 313 3442 om.
333 3404 347 3442 ε
369 3388 381 3458 ΙΙ
405 3392 453 3442 121
472 3389 589 3441 consilia
606 3390 632 3441 Ε
654 3386 666 3454 11
691 3391 740 3441 130
761 3389 882 3441 Proinde
902 3386 1032 3452 quiequid
1050 3403 1072 3436 ω

150 3457 235 3508 Proin
258 3459 324 3523 quid
348 3475 367 3509 α
396 3458 480 3510 Proin
498 3457 629 3522 quiequid
647 3458 754 3522 Lipsius
782 3454 795 3524 ΙΙ
825 3459 872 3509 131
895 3470 950 3506 non
969 3454 1029 3520 quit
1046 3453 1072 3503 Ε
1102 3520 1105 3523 ¹

151 3526 248 3590 nequit
265 3535 288 3591 ψ
307 3527 429 3590 nequiit
447 3542 465 3575 α
488 3522 502 3592 Η

800 3604 869 3667 21*
