2544 4040
359 256 631 305 PHOENISSARVM
646 256 776 304 FRAGM.

129 393 290 481 [stridente
304 397 426 456 tardam
440 398 582 457 maehina
598 397 713 457 ducens
726 412 810 456 onae.

124 482 180 542 sed
193 487 379 541 conuocatae
393 484 476 542 uocis
490 489 519 541 et
532 483 670 542 citharae
682 496 756 541 sono

120 583 182 642 per
196 583 229 625 se
242 569 307 640 ipse
320 581 450 626 summas
464 569 547 626 uenit
561 570 593 626 ia
609 574 710 625 turres
723 558 837 645 lepisil

125 650 199 709 haec
214 666 282 709 saxa
299 649 437 726 franges?
453 651 548 709 uictor
563 649 632 708 hine
646 647 737 726 spolia
754 649 869 708 auleres

125 735 303 811 uinctosque
319 733 410 794 duces
424 735 516 813 patris
532 732 669 810 aequales
686 733 744 792 rui?

91 820 115 879 ε’
169 818 279 878 Matres
295 816 332 877 ab
347 819 413 897 ipsa
428 819 587 896 coniugum
604 827 703 895 raptas
718 818 784 876 sinu

125 920 233 963 saeuus
249 908 350 961 calena
367 902 452 963 miles
468 902 593 981 inposita
610 900 726 961 trahel?

124 994 158 1048 ut
173 985 271 1046 adalta
288 988 374 1064 uirga
391 988 480 1045 mixta
498 987 613 1063 captiua
628 987 712 1062 gregi

123 1069 253 1130 thebana
269 1070 397 1130 nuribus
412 1088 517 1130 manus
533 1069 669 1148 argolicis
685 1070 749 1129 eat?

124 1173 163 1215 an
179 1162 208 1216 el
223 1157 286 1232 ipsa
301 1154 415 1233 palmas
431 1157 527 1215 uineta
543 1162 610 1232 post
624 1165 739 1231 tergum
756 1153 839 1213 datas
1061 1172 1111 1220 215

125 1248 221 1300 mater
236 1239 378 1317 triumphi
393 1239 503 1317 praeda
519 1239 646 1299 fraterni
662 1237 773 1298 uehar?

88 1325 109 1384 f
169 1324 296 1398 Potesne
311 1325 393 1384 ciues
408 1322 502 1384 laetus
517 1323 605 1384 exitio
620 1322 704 1382 datos

124 1408 228 1469 uidere
243 1408 373 1486 passim?
388 1407 544 1469 maenibus
560 1408 636 1467 caris
651 1413 736 1483 pates
1094 1426 1145 1474 500

123 1493 240 1553 hostem
256 1492 436 1553 admouere?
458 1492 602 1570 sanguine
618 1497 647 1551 et
662 1490 779 1549 llamma
794 1498 879 1568 poles

124 1575 240 1653 inplere
255 1576 393 1637 Thebas?
415 1585 474 1637 tam
491 1577 573 1639 lerus
589 1575 696 1635 durum
713 1577 794 1651 geris
1060 1592 1110 1642 220

125 1678 308 1739 saeuamque
323 1662 353 1720 in
370 1663 431 1721 iras
446 1669 550 1738 pecias
566 1668 595 1722 et
611 1659 741 1720 nondum
758 1661 900 1737 imperas:

124 1745 194 1823 quid
211 1752 328 1822 sceptra
345 1745 471 1807 sacient?
494 1763 572 1823 pone
587 1762 713 1805 uesanos
728 1761 836 1821 precor
1165 1807 1171 1817 ‚

124 1829 216 1889 animi
230 1835 364 1909 tumeres
379 1838 467 1908 leque
482 1830 582 1908 pietati
598 1829 687 1889 reler.
1094 1848 1146 1896 505

94 1940 114 1989 g
169 1926 248 1973 POL.
271 1914 308 1973 vt
322 1915 468 1992 profugus
484 1931 581 1976 errem
598 1912 734 1991 semper?
756 1921 789 1972 ut
804 1914 898 1991 patria
914 1930 1017 1973 arcear

124 2015 273 2077 opemque
289 2000 384 2074 gentis
400 1999 509 2076 hospes
525 2006 665 2071 externae
680 1999 806 2075 sequar?
1059 2015 1110 2064 225

124 2082 196 2160 quid
211 2090 331 2160 palerer
346 2082 433 2152 aliud,
451 2085 476 2142 si
491 2081 658 2143 fefellissem
674 2081 773 2151 fldem,

124 2168 149 2226 si
165 2168 365 2244 peierassem?
387 2167 500 2227 fraudis
515 2166 626 2228 alienae
641 2166 718 2226 dabo

123 2269 246 2330 poenas
263 2251 356 2311 atille
371 2253 536 2331 praemium
552 2250 699 2312 scelerum
718 2248 811 2311 leret?
1095 2270 1146 2316 590

124 2335 210 2396 iubes
226 2334 321 2396 abire:
340 2337 441 2397 matris
456 2336 581 2414 imperio
597 2334 760 2413 obsequor,

124 2419 161 2480 da
177 2438 237 2498 quo
253 2427 397 2481 reuertar.
428 2422 509 2497 regia
526 2421 617 2480 irater
633 2435 716 2477 meus
1061 2436 1111 2485 230

123 2504 236 2565 habitet
251 2504 390 2584 superba,
407 2522 499 2583 parua
515 2522 564 2564 me
580 2501 743 2563 abscondat
757 2519 833 2562 casa.

89 2590 114 2663 ς’
170 2586 254 2648 Hanc
269 2589 305 2649 da
321 2588 450 2669 repulso.
480 2588 567 2649 liceat
582 2589 688 2663 exiguo
703 2586 766 2647 lare

123 2690 251 2750 pensare
267 2691 404 2752 regnum.
436 2675 553 2749 coniugi
570 2673 680 2732 donum
698 2670 792 2740 datus,
1092 2692 1143 2740 505

124 2756 249 2817 arbitria
265 2758 385 2819 thalami
404 2758 477 2818 dura
494 2757 586 2818 lelieis
601 2756 694 2816 leram

121 2877 327 2886 ...———-—-

192 2927 339 2977 206-208
356 2920 446 2977 sustuli
467 2929 567 2992 ineptos
584 2927 610 2976 ia
628 2940 674 2976 ore
692 2924 813 2975 Iocastae
831 2932 857 2975 ei
873 2926 963 2976 uiliore
978 2942 1042 2991 pro·

122 2998 199 3046 lator.
219 2995 356 3058 efiHere.
376 2993 602 3046 262.3.Sii.X1.
622 2994 723 3042 4474
752 2989 764 3058 ΙΙ
792 2993 842 3043 208
860 2995 951 3043 turres
968 3008 995 3043 u.
1015 2994 1044 3044 in

122 3077 247 3113 summas
265 3064 291 3112 Α
320 3077 441 3112 summae
458 3078 485 3112 u.
504 3063 534 3111 in
551 3065 641 3111 turres
659 3059 684 3108 E
713 3064 803 3109 turres
827 3063 987 3111 excitans
1009 3065 1043 3112 ei.

127 3132 208 3181 With.
233 3126 245 3196 ΙΙ
265 3132 314 3180 211
334 3131 369 3181 ab
388 3131 449 3195 ipso
467 3133 569 3179 matres
587 3136 611 3193 ψ
633 3132 736 3177 matres
754 3128 789 3177 ab
807 3128 868 3191 ipso
887 3144 906 3177 α
927 3133 1043 3179 matres·

121 3213 177 3262 que
195 3214 219 3251 a.
239 3198 257 3246 i.
277 3197 303 3247 E
325 3194 344 3264 'fl
372 3200 422 3247 212
440 3197 533 3247 tradet
551 3197 576 3246 E
598 3195 691 3245 trehet
708 3196 733 3244 A
762 3191 775 3262 ss
803 3197 852 3246 213
870 3201 901 3245 ut
918 3197 1003 3247 om.E
1021 3195 1033 3265 ll

122 3267 172 3316 217
197 3265 274 3316 loeta
297 3270 325 3316 et
347 3266 432 3315 exilio
455 3265 481 3314 Ε
513 3265 604 3315 laetus
629 3263 712 3313 exilio
731 3264 756 3312 A
790 3259 801 3329 Η
834 3265 885 3314 220
908 3264 996 3313 ferum
1016 3270 1044 3315 et

121 3333 219 3382 durum
233 3335 259 3383 Α
278 3333 353 3383 sarus
371 3334 468 3383 durum
480 3332 506 3382 Ε
526 3328 538 3398 ΙΙ
561 3333 611 3382 222
623 3345 712 3395 poene
725 3329 750 3378 E
774 3327 778 3395 Ι
800 3331 859 3381 228.
872 3333 922 3380 229
940 3333 1044 3381 inuersa
1124 3335 1132 3343 “

119 3402 213 3450 ordine
231 3400 350 3451 kahetE
378 3397 391 3467 ΙΙ
418 3403 469 3451 230
486 3415 549 3450 maa
567 3401 692 3449 Amana
710 3397 735 3446 Ε
771 3396 775 3463 Ι
804 3398 1045 3463 231superbuaoe

120 3468 248 3599 illl
263 3464 909 3600 'iiiiiiAll-{llll‘aliialii
932 3464 996 3514 ‘¹⁸²⁸
1021 3482 1042 3515 Γ·
