2536 4046
399 260 581 361 nuncupes
598 301 762 384 [sununs]

115 459 307 530 maestusque
323 452 449 531 phrygio
466 460 565 513 menet
580 455 609 513 in
625 453 725 533 Sipylo
741 454 828 534 lupis.

80 537 88 545 ⁴
118 535 205 622 [quin
222 541 286 613 ipse
301 543 422 598 toruum
437 539 597 612 subrepens
611 543 706 599 crista
721 549 817 617 caput

115 626 244 699 illyrica
262 623 392 682 Cadmus
407 640 506 696 repca
515 640 697 698 permensus
707 625 801 700 supa,

113 712 227 782 leupus
242 709 367 782 reliquit
380 711 519 783 corporis
534 711 628 768 tracti
643 704 756 791 notus]

114 794 190 853 haec
206 800 235 851 te
251 798 370 850 manent
386 791 529 870 exempla.
567 791 761 853 dominere
777 792 905 864 utlibet,

113 879 188 940 dum
204 874 318 935 sulita
336 877 443 953 regni
460 877 534 936 late
549 882 578 935 te
594 879 689 936 nostri
704 885 821 939 uocent.

61 973 104 1034 k''
159 972 238 1021 [mc.
266 960 398 1036 Agedum
416 960 552 1020 efferatus
568 961 670 1021 rabida
685 980 774 1023 uoces
789 981 895 1026 amone

114 1057 145 1112 et
161 1046 241 1106 disce
258 1063 361 1123 regum
378 1047 501 1122 imperia
519 1044 555 1104 ab
571 1045 672 1107 Alcide
689 1049 757 1124 pati.

113 1151 172 1211 ego
187 1139 270 1207 repta
287 1131 421 1209 quamuis
436 1138 552 1208 sceptra
568 1131 683 1191 uictrici
699 1149 801 1209 gerum

112 1220 218 1280 dextra
234 1231 395 1291 regamque
411 1223 516 1275 cuncte
533 1216 597 1274 sine
613 1213 711 1292 legum
727 1224 808 1276 metu

112 1316 284 1382 quas'armu
301 1301 431 1369 uincunt,
448 1316 542 1377 peuce
558 1316 613 1378 pru
629 1316 716 1361 causa
732 1299 836 1379 loquer

110 1394 225 1447 nostra.

81 1490 93 1539 l
265 1467 394 1530 Cruento
410 1468 517 1529 cecidit
531 1468 560 1526 in
575 1465 654 1528 bello
669 1474 763 1545 paler,

111 1555 249 1617 cecidere
265 1553 381 1613 fratres.
411 1571 508 1614 arma
525 1570 584 1611 non
601 1559 721 1612 seruent
740 1554 858 1614 modum

110 1659 172 1701 nec
188 1639 347 1718 temperari
363 1637 447 1697 lucile
465 1656 520 1697 nec
535 1638 657 1714 reprimi
673 1645 771 1714 potest

108 1725 207 1785 stricti
223 1724 301 1784 ensis
316 1724 382 1782 ira.
411 1721 487 1782 bellu
505 1719 630 1782 delectat
645 1739 745 1783 cruor.
764 1756 802 1768 -

109 1809 163 1872 sed
180 1807 229 1868 ille
244 1823 338 1883 regnu
352 1825 408 1886 pro
425 1825 494 1874 suo,
511 1824 566 1866 nos
581 1806 708 1883 inprobe

109 1893 251 1972 cupidine
267 1893 325 1952 acti
340 1927 380 1936 —
397 1893 550 1969 quaeritur
565 1889 635 1950 belli
651 1893 755 1961 exitus,

106 1995 285 2051 nuncausa.

68 2078 89 2136 l'
324 2060 382 2121 Sed
399 2078 479 2119 nunc
494 2069 597 2137 pereat
612 2061 709 2120 omnis
723 2063 876 2123 memoria.

107 2165 178 2207 cum
195 2147 291 2207 uictor
306 2164 404 2206 arma
420 2146 533 2222 posuit,
551 2152 581 2205 et
595 2145 707 2205 uictum
723 2145 808 2206 decet

106 2231 261 2309 deponere
278 2230 373 2290 odie.
403 2247 464 2288 non
479 2238 512 2289 ut
526 2229 636 2288 inflexo
652 2247 730 2307 genu

105 2324 284 2392 regnantem
300 2314 407 2374 edures
422 2315 557 2391 petimus.
588 2313 646 2373 huc
660 2315 757 2391 ipsum
773 2312 871 2392 placet

105 2401 207 2460 animo
222 2400 325 2459 ruinas
340 2398 419 2479 quod
436 2400 517 2475 capis
532 2414 638 2475 magno
656 2405 730 2458 tuus.

105 2502 142 2546 es
157 2501 228 2561 rege
244 2486 373 2543 coniunx
389 2482 491 2558 digna:
508 2483 655 2541 sociemus
670 2489 762 2543 turos.

59 2607 87 2641 m
149 2581 231 2628 Meu.
262 2566 383 2630 Gelidus
397 2584 451 2645 per
468 2576 549 2628 artus
564 2566 646 2627 uadit
661 2567 803 2644 exanguis
816 2573 939 2630 tremor.

101 2653 185 2732 quod
201 2654 316 2713 lacinus
331 2666 419 2712 eures
434 2650 564 2730 pepulit?
585 2651 657 2711 haut
673 2652 810 2731 equidem
824 2652 929 2716 horrui

101 2756 172 2798 cum
189 2754 263 2815 pecc
279 2745 365 2814 rupte
381 2735 506 2796 bellicus
522 2754 623 2796 murus
639 2735 741 2813 fragor
1034 2759 1086 2811 420

99 2823 349 2883 circumsonaret.
378 2819 488 2900 pertuli
503 2821 694 2899 intrepide
710 2822 817 2883 omnia.
911 2851 915 2860 ·

54 2913 90 2971 ιη’
147 2904 305 2966 Thalamus
320 2912 411 2971 trem
421 2923 517 2965 esce.
548 2913 631 2982 captu
648 2924 726 2965 nunc
741 2906 848 2968 uideor
862 2907 944 2970 mitti.

98 2997 231 3070 grauent
245 3000 366 3051 catenae
382 3006 491 3066 corpus
507 2997 537 3048 et
550 2988 637 3067 longe
655 2989 732 3050 letne

97 3093 184 3135 mors
200 3073 391 3153 protrahatur
405 3073 493 3134 lenta.
525 3092 584 3134 non
601 3077 701 3136 uincet
714 3074 803 3136 fidem

97 3162 146 3221 uis
162 3157 222 3221 ulla
238 3167 379 3220 nostrum.
411 3158 522 3218 moriar
536 3157 637 3219 Alcide
653 3165 712 3220 lua.

168 3362 219 3412 395
235 3365 332 3411 munet
347 3362 374 3412 V
394 3358 405 3428 ll
428 3362 563 3412 996-398
580 3365 672 3413 sustuli
685 3358 697 3429 ΙΙ
715 3365 765 3415 397
782 3363 889 3430 Illyria
904 3365 982 3417 mnu.
994 3361 1017 3431 ΙΙ

95 3430 149 3480 398
168 3429 294 3494 reliquit)
311 3434 323 3478 l
340 3432 366 3479 in
383 3445 437 3479 rus.
457 3428 494 3479 El
514 3427 527 3496 [l
549 3433 599 3481 399
617 3432 688 3482 libet
704 3433 751 3497 ch
772 3432 851 3483 lubet
868 3434 909 3483 Αε
931 3429 944 3498 ΙΙ
965 3433 1015 3481 401

94 3496 261 3562 effrenatus)
281 3501 354 3547 enin
371 3513 425 3548 rue.
444 3496 480 3546 E’
503 3495 507 3566 Ι
537 3498 635 3563 rapide
656 3498 691 3549 Vl
717 3496 730 3566 Η
752 3499 848 3551 imoue
867 3515 902 3551 ecc
918 3496 1015 3551 fumone

90 3565 194 3630 factum
215 3567 243 3616 V
261 3562 274 3632 ll
301 3567 351 3616 402
369 3564 491 3632 panim
520 3563 525 3633 Ι
547 3568 597 3618 425
615 3573 714 3618 nostre
732 3584 751 3618 α
772 3569 785 3635 ΙΙ

784 3649 830 3713 2*
