2544 4046
239 219 299 283 106
518 232 549 281 u.
566 212 701 278 anuum
717 231 875 282 sunnone

236 374 288 436 sed
304 373 390 435 flecte
406 384 545 443 mentem,
560 380 664 452 pectus
679 374 831 453 antiquum
847 372 960 434 aduoca

237 460 389 536 uiotasque
404 476 512 537 magno
527 457 638 530 robore
654 475 812 520 aerumnas
827 457 923 519 doma.
1175 476 1204 524 ta

207 654 226 688 a
281 639 398 689 onmr.
423 628 504 689 Vnde
519 629 550 687 in
566 627 692 689 nefanda
708 627 859 706 specimen
875 629 1029 707 egregium
1046 628 1155 690 domo?
1174 643 1203 692 80

237 712 317 774 unde
331 714 385 773 ista
402 713 505 792 generi
521 712 605 788 uirgo
623 711 770 773 dissimilis
785 714 857 773 suoi

238 797 355 859 tortura
371 797 486 860 orodis?
509 797 616 876 aliquis
633 805 677 858 est
695 815 731 857 ex
746 815 794 858 me
809 797 886 874 pius.

237 900 297 943 non
313 889 390 943 esset
406 900 560 961 umquam,
578 881 637 941 iata
653 881 730 943 bene
746 883 816 941 noui
831 899 914 950 mea,

237 950 293 1028 nisi
309 975 341 1028 ut
356 973 487 1029 noceret.
512 969 575 1044 ipsa
592 984 623 1026 se
639 967 668 1025 iu
685 964 766 1045 leges
782 983 875 1026 nouas

238 1062 343 1113 natura
358 1058 465 1120 uertet,
481 1058 601 1129 regeret
615 1052 646 1110 in
663 1051 773 1111 iontem
790 1052 861 1111 citas

238 1135 392 1197 reuolutus
408 1135 501 1197 undas
516 1137 610 1195 amnis
626 1143 656 1196 et
670 1143 788 1195 noctem
804 1135 918 1197 adferet

237 1219 372 1300 phoebea
387 1220 510 1301 lampas,
526 1220 676 1299 Hesperus
692 1220 780 1280 saciet
795 1219 883 1281 diem.

201 1307 228 1366 α’
283 1307 318 1366 Vt
333 1305 369 1366 ad
385 1307 519 1367 miserias
534 1304 643 1384 aliquid
659 1305 780 1366 accedat
795 1323 887 1377 meaa,

237 1392 277 1469 pii
293 1409 411 1471 quoque
427 1393 547 1453 erimus.
577 1391 665 1450 unica
681 1388 849 1468 Oedipodae
866 1396 910 1451 est
924 1388 1003 1451 salus

237 1493 297 1535 nou
313 1494 379 1537 esse
394 1474 519 1536 saluum.
544 1472 631 1535 liceat
645 1472 748 1534 ulcisci
763 1480 879 1553 patrem
1174 1486 1205 1533 00

238 1559 335 1619 adhuc
350 1559 486 1620 inultum.
515 1558 617 1620 dextra
633 1559 703 1638 quid
720 1576 817 1618 cessas
832 1561 913 1641 iners
1191 1560 1201 1583 ⁹

238 1644 355 1721 exigere
373 1645 502 1722 poenas?
525 1644 663 1724 quioquid
680 1650 816 1704 exactum
833 1651 877 1704 est
892 1643 988 1705 adhuc

237 1729 324 1788 matri
340 1728 454 1789 dedisti.
481 1729 564 1790 mitte
580 1729 722 1807 genitoris
737 1745 858 1788 manum

237 1814 368 1874 animosa
385 1813 485 1890 uirgo:
502 1813 590 1874 iuuns
606 1810 739 1874 extendis
754 1831 853 1873 meum

237 1896 399 1978 longasque
415 1899 475 1959 uitri
491 1898 575 1958 ducis
591 1899 730 1976 exequias
744 1898 846 1976 patris.

207 1993 225 2043 b
280 1982 444 2062 Aliquando
460 1991 539 2044 terra
556 2000 665 2061 corpus
679 1983 809 2043 inuisum
824 1990 900 2059 tege.

237 2085 344 2147 peccas
359 2069 482 2128 honesta
501 2076 608 2137 mente,
623 2069 763 2145 pietatem
779 2085 868 2128 uocas

237 2160 353 2231 patrem
369 2150 548 2231 insepultum
567 2151 695 2213 trahere.
721 2153 772 2230 qui
788 2153 866 2230 cogit
881 2151 958 2213 mori

238 2236 388 2299 nolentem
405 2238 435 2296 in
452 2255 547 2318 aequo
563 2244 608 2298 est
623 2239 731 2315 quique
747 2242 957 2316 properantem
974 2234 1101 2316 inpedit.
1191 2262 1220 2310 99

240 2339 295 2383 nec
311 2325 456 2383 tamenin
472 2341 566 2402 aequo
583 2328 640 2382 est:
658 2320 919 2399 alterumgrauius
934 2338 1020 2382 reor:
1176 2346 1219 2395 tot

237 2407 314 2467 malo
330 2408 471 2487 imperari
488 2425 574 2487 quam
592 2406 665 2486 eripi
681 2414 807 2466 mortem
823 2404 905 2466 mihi.
1175 2431 1219 2480 102

236 2490 373 2552 occidere
389 2499 434 2553 est
449 2500 551 2552 uetare
567 2492 737 2568 cupientem
753 2491 839 2551 mori.
1175 2515 1220 2564 100

197 2575 224 2631 b'
279 2574 394 2637 Desiste
410 2584 515 2655 coepto
530 2576 629 2654 uirgo:
649 2577 694 2635 ius
710 2576 788 2635 uitae
804 2593 838 2634 ac
854 2575 935 2634 necis

236 2678 319 2720 meae
334 2678 426 2739 penes
442 2680 489 2721 me
506 2668 558 2720 est.
587 2676 680 2736 regna
696 2659 813 2720 deserui
829 2658 935 2727 libens,
1108 2669 1131 2711 r.
1146 2666 1243 2712 xxxm

236 2760 362 2823 regnum
377 2746 436 2804 mei
451 2746 575 2805 retineo.
604 2746 628 2803 si
644 2743 700 2805 fida
717 2751 879 2805 es'comes:
1174 2761 1219 2810 105

236 2845 337 2889 ensem
354 2830 471 2907 parenti
488 2828 581 2898 trade,
597 2827 648 2889 sed
666 2836 767 2888 notum
784 2846 857 2889 nece

236 2930 337 2974 ensem
353 2921 486 2993 paterna.
513 2912 606 2975 tradis
621 2930 658 2972 an
674 2914 754 2990 gnati
769 2921 870 2974 tenent

235 3015 303 3057 curn
319 3015 413 3074 reguo
429 3005 458 3059 et
472 2997 574 3059 illum?
597 2998 682 3058 saciet
697 2997 878 3075 ubicumque
893 3005 939 3059 est
954 3014 1036 3076 opus.

235 3084 296 3143 illis
310 3080 457 3160 relinquo,
473 3091 579 3161 gnatus
593 3082 674 3143 huno
688 3081 796 3143 habeat
811 3099 904 3151 meus,

236 3165 289 3226 sed
305 3175 440 3246 uterque.
494 3210 498 3219 .
920 3166 926 3175 “
1174 3182 1219 3230 110

237 3276 441 3288 ——n—-u—-eu

303 3321 336 3371 78
349 3324 461 3385 pectore
475 3321 499 3369 Α
512 3320 552 3370 ΜΕ
569 3322 596 3370 in
612 3335 667 3370 ros.
686 3318 784 3371 rubore
802 3334 872 3371 corr,
888 3334 925 3369 ece
935 3318 1035 3369 robore
1048 3317 1085 3368 Ει
1097 3314 1109 3383 Η
1122 3321 1155 3370 79

234 3389 293 3439 aeide
305 3390 342 3439 ud
352 3406 376 3439 u.
392 3388 440 3439 192
455 3382 467 3452 Η
484 3389 518 3439 04
530 3389 656 3439 animosa
667 3386 693 3437 E
711 3386 769 3449 (sed
779 3389 823 3439 ult.
836 3388 923 3437 littera
935 3402 986 3439 rer.
1000 3401 1032 3437 m.
1046 3386 1074 3449 2)
1093 3385 1106 3451 Η
1121 3388 1156 3437 00

236 3456 420 3522 aliprquondo
438 3455 464 3506 E
479 3452 491 3522 Η
508 3457 556 3506 100
572 3462 633 3521 port
645 3472 668 3508 u.
685 3456 733 3505 102
752 3456 876 3506 collocari
886 3451 898 3521 Η
909 3456 951 3505 90.
966 3455 1014 3504 100
1032 3457 1059 3505 in
1071 3470 1155 3518 mono.

234 3526 352 3588 teporatur
364 3525 386 3575 R
397 3522 409 3592 Η
422 3526 471 3575 108
483 3523 574 3581 scelus
586 3522 611 3573 Α
630 3537 698 3589 opus
711 3521 736 3572 E
747 3518 759 3588 Η
773 3524 820 3573 100
833 3522 873 3572 ibi
886 3522 923 3572 sit
935 3537 957 3570 ω
969 3536 1039 3573 corr.
1052 3522 1118 3575 ap,
1132 3520 1145 3585 Η
