2504 4040
136 1345 177 1394 ,αθ

581 254 704 302 Munna

182 393 293 455 monile
308 390 424 470 fulgens
439 394 577 473 quodque
593 411 776 471 gemmarum
794 395 871 453 niter

183 479 335 556 distinguit
352 496 457 537 aururn
475 496 533 555 quo
549 477 645 539 solent
660 479 738 556 cingi
754 496 866 539 comae.

182 564 258 624 haee
274 569 377 622 nostra
393 564 453 623 nati
468 562 546 622 dona
562 563 685 623 nubenti
702 563 798 623 ierant

182 648 234 708 seri
251 654 318 708 aute
334 647 406 708 diris
422 646 502 708 inlita
518 662 553 707 ae
569 649 656 707 tincta
673 647 796 708 artibus.

182 740 308 793 uocetur
324 730 442 792 Hecate.
474 749 558 792 saera
573 730 679 791 letifica
695 748 820 809 appara:

181 823 349 878 statuantur
366 835 435 878 arae
450 816 569 877 ilernnra
586 818 643 877 iarn
659 817 744 877 tectis
761 824 856 876 sonet.

567 1147 713 1197 OHORVS.

308 1337 394 1399 Nulla
410 1339 457 1398 uis
472 1338 608 1399 flammae
623 1339 767 1398 tumidius
783 1340 864 1400 uenti

265 1428 345 1483 tanta
362 1441 417 1483 neo
432 1423 483 1484 teli
498 1423 657 1483 metuenda
674 1426 744 1483 torti

267 1514 374 1585 quauta
391 1526 459 1567 eum
476 1507 604 1567 coniunx
620 1508 738 1568 uiduata
754 1508 848 1568 taedis

675 1594 758 1653 ardet
774 1601 803 1653 et
819 1593 888 1652 odit.

309 1708 386 1768 Non
402 1708 463 1769 nbi
478 1709 621 1771 hibernos
637 1709 797 1771 nebulosus
813 1711 923 1772 imbres

265 1801 364 1854 auster
381 1793 501 1854 aduenit
515 1803 717 1873 properatque
733 1803 851 1856 torrens

264 1878 357 1939 hister
373 1885 403 1938 et
417 1879 534 1938 innotos
550 1887 629 1939 uetat
644 1889 830 1957 essepontes

674 1982 708 2023 ao
725 1982 818 2042 uagus
835 1972 923 2025 errat.

309 2079 385 2140 Nou
402 2080 463 2141 ubi
477 2080 590 2158 inpellit
607 2081 767 2142 Rhodanus
782 2082 978 2160 profundum,

266 2173 316 2226 aut
332 2164 382 2224 ubi
397 2166 427 2223 in
444 2166 524 2225 riuos
541 2165 658 2226 niuibus
673 2165 775 2227 solutis

264 2248 327 2310 sole
343 2251 403 2309 iam
418 2249 489 2312 lorti
506 2250 664 2329 medioque
678 2269 751 2310 uere

672 2334 766 2394 tabuit
781 2335 919 2397 Haemus.

310 2450 421 2515 Caecus
437 2460 481 2512 est
495 2453 573 2527 ignis
589 2452 754 2512 stimulatus
771 2455 814 2515 ira

265 2554 321 2596 nee
336 2537 400 2615 regi
416 2544 500 2596 curat
514 2538 663 2614 patiturne
679 2537 797 2607 frenos,

263 2620 336 2680 haut
350 2622 434 2681 timet
449 2628 592 2698 mortem:
615 2623 695 2700 oupit
711 2624 755 2681 ire
771 2624 800 2683 in
816 2625 897 2701 ipsos

674 2706 781 2768 obuius
797 2725 892 2768 enses.

139 2827 174 2879 22⁰
306 2823 423 2884 Parcite
440 2843 457 2882 o
474 2822 543 2884 diui.
575 2826 692 2885 ueniam
710 2843 869 2903 precamur

266 2907 348 2967 uiuat
363 2915 395 2967 ut
411 2914 491 2968 tutus
507 2926 589 2968 mare
605 2912 655 2987 qui
671 2909 796 2987 subegit.

265 2991 316 3051 sed
333 2991 404 3052 lurit
419 2994 499 3053 uiuoi
514 2993 650 3054 dominus
666 2995 805 3072 profundi

437 3080 459 3181 Ι
670 3096 762 3155 regna
779 3078 915 3139 secunda.

180 3192 384 3202 ——-—---

248 3326 298 3376 576
317 3329 432 3393 quique
451 3334 482 3379 ei.
503 3284 581 3382 Gron.
604 3326 618 3396 ss
640 3334 691 3382 580
708 3330 832 3381 luctifica
850 3333 874 3381 Α
898 3329 1020 3381 loetifioa
1038 3329 1064 3377 E
1084 3331 1097 3393 ΙΙ

177 3393 228 3443 581
248 3398 391 3444 struantur
408 3396 433 3445 Α
464 3402 623 3446 statuantur
640 3399 666 3447 E
688 3395 700 3464 Η
723 3399 772 3449 582
790 3399 942 3462 tumidique
962 3399 987 3447 Α
1017 3397 1099 3446 tumi-

175 3458 311 3594 (ἰΕἰιιεῖρξαΗ
318 3463 375 3579 1324
387 3463 488 3596 uteetlis
506 3465 532 3514 E
543 3462 556 3531 ΙΙ
571 3467 622 3515 590
640 3465 722 3530 pellit
738 3466 764 3514 E
782 3466 901 3530 impellit
917 3462 967 3531 Al]
983 3466 1033 3515 599
1052 3465 1100 3529 qui

1118 1599 1168 1648 585

1118 2088 1169 2137 590
