2544 4040
386 229 657 278 rflouurssanvu
673 229 804 278 sunau.
1013 217 1074 282 129

153 376 273 435 fortuna
290 370 361 432 belli
374 387 493 449 semper
508 370 629 448 ancipiti
644 371 674 430 in
689 368 755 431 leco
770 377 823 431 est.

152 459 363 540 quodcumque
378 456 456 516 Mars
471 454 618 514 decernit:
635 462 778 533 exaequat
792 455 867 516 duos

152 543 222 605 licet
236 544 356 620 inpares
371 541 429 601 sint
444 537 560 614 gladius
575 544 604 598 et
618 556 686 616 spes
702 547 731 599 et
746 546 842 600 metius

149 630 221 702 fors
237 644 324 687 caeca
341 631 450 685 uersat.
482 624 648 700 praemium
664 624 809 685 incertum
827 625 910 703 petis,
1089 646 1140 695 270

154 720 268 773 certum
285 709 392 771 scelus.

118 807 137 855 k
430 793 552 853 Fauisse
567 792 614 852 lac
629 792 706 851 uotis
721 791 792 852 deos

152 897 257 941 omnes
271 880 344 939 tuis:
361 894 479 938 cessere
495 883 524 936 et
539 877 636 938 auersi
652 876 752 954 lugam

151 966 266 1043 petiere
281 964 373 1032 ciues,
389 960 472 1022 clade
488 961 602 1022 lunesta
617 962 717 1021 iacens

154 1048 268 1109 obtexit
283 1064 370 1124 agros
385 1044 479 1106 miles.
510 1045 623 1106 exultes
637 1043 710 1115 licet

152 1135 307 1211 uictorque
323 1130 423 1192 lratris
439 1127 531 1208 spolia
548 1129 654 1190 deiecti
670 1147 771 1207 geras:

151 1216 317 1296 plangenda
332 1215 429 1294 palma
446 1221 501 1275 ast.
854 1286 859 1296 ·

110 1301 139 1359 k'
530 1296 623 1370 Quale
639 1305 670 1358 tu
685 1298 743 1358 boc
758 1296 868 1360 bellum
885 1307 980 1378 putas,

152 1386 181 1445 in
198 1402 257 1463 qrrc
273 1383 473 1445 execrandum
489 1385 585 1443 uictor
601 1382 728 1443 admittit
743 1380 826 1443 nelas

152 1470 176 1530 si
193 1469 321 1546 gaudet?
344 1468 424 1528 hunc
439 1485 528 1545 quem
545 1468 667 1527 uincere
682 1465 781 1549 infelix
799 1469 882 1546 cupis

154 1571 221 1614 cum
239 1554 356 1623 ulceris,
373 1551 498 1630 lugebis.
529 1551 674 1612 infaustas
689 1568 743 1629 age

151 1638 264 1697 dimitte
279 1653 402 1714 pugnas,
420 1636 514 1697 libera
529 1637 654 1714 patriam
670 1645 760 1703 metu,

150 1721 233 1782 luctu
248 1728 396 1800 parentes.

114 1815 133 1864 k
195 1818 272 1866 Pon.
427 1804 555 1865 Sceleris
571 1811 600 1865 et
615 1805 810 1866 lraudissuae

149 1908 262 1969 poenas
276 1889 422 1950 uelandus
438 1890 529 1949 irater
546 1900 577 1949 ut
592 1888 687 1950 nullas
702 1890 796 1949 serat?
845 1894 848 1901 '

149 1986 219 2034 100.
243 1993 281 2035 ne
296 1982 409 2034 metue:
432 1991 585 2051 poenas,
604 1974 765 2052 etquidem
782 1972 878 2034 scluet
892 1992 1021 2053 graues:
1119 1997 1169 2044 ⁶45

149 2058 297 2135 regnabit.
328 2058 607 2135 esthaecpoena.
639 2060 663 2116 si
680 2057 806 2130 dubitas,
823 2077 879 2119 auc
1243 2126 1246 2133 ,

149 2145 286 2221 patrique
301 2142 401 2211 crede,
418 2142 545 2205 Cadmus
560 2142 617 2202 boc
633 2142 710 2203 dicet
724 2142 778 2203 tibi
1086 2164 1137 2213 285

149 2227 312 2306 Cadmique
327 2225 438 2306 proles.

106 2312 135 2371 k'
476 2312 599 2390 Sceptra
616 2310 759 2371 Thebane
775 2311 830 2372 luit

147 2398 288 2475 inpune
304 2394 377 2456 nulli
392 2412 512 2472 gerere,
529 2413 584 2456 nec
600 2398 756 2474 quisquam
773 2394 831 2455 fide
1120 2418 1171 2465 050

146 2487 236 2559 rupta
252 2480 363 2541 tenebit
379 2479 435 2541 illa.
466 2481 523 2539 iam
538 2496 678 2541 numeres
693 2478 761 2540 licet

147 2563 270 2626 fratrem
286 2567 364 2625 iuter
380 2566 459 2625 istos.

146 2651 215 2709 Ete.
496 2656 642 2724 numeret,
661 2655 706 2708 est
720 2650 793 2708 tanti
808 2648 881 2709 milri
1086 2670 1136 2719 290

146 2751 215 2793 cum
232 2733 354 2810 regibus
367 2733 476 2793 iacere.
508 2741 539 2795 tc
555 2733 659 2793 turbae
676 2732 794 2793 exulum

146 2816 275 2879 ascribe.

214 2986 264 3036 267
283 2989 448 3035 tormenta
465 2985 534 3035 belli
551 2987 581 3036 ei.
602 2985 684 3037 Swob.
709 2983 721 3051 ΙΙ
744 2988 794 3038 269
812 2987 905 3053 gladio
924 2988 949 3037 Ε
978 2985 990 3055 Η
1017 2990 1067 3039 270

144 3067 207 3104 sors
225 3070 246 3102 ω
264 3053 327 3103 fors
346 3053 423 3104 Nus.
442 3054 476 3116 cf.
494 3055 574 3118 Verq.
588 3057 633 3104 ecl.
647 3054 692 3103 IX
702 3060 719 3104 5
742 3051 754 3121 ΙΙ
782 3057 854 3118 petit
872 3057 897 3105 A
916 3057 988 3122 petis
1008 3064 1046 3120 εψ
1058 3052 1067 3123 ll

143 3121 196 3171 276
208 3120 365 3184 frangenda
377 3121 403 3170 A
422 3121 581 3185 plangenda
598 3121 624 3171 Ε
637 3123 742 3172 arur.
761 3119 773 3188 ll
790 3121 818 3171 id
830 3123 855 3172 A
874 3123 926 3173 hcc
938 3124 964 3173 E
981 3120 993 3191 ΙΙ
1017 3127 1066 3175 281

142 3187 225 3238 uerba
242 3188 367 3238 luctu-
380 3187 494 3247 sceleris
512 3192 540 3238 et
558 3205 604 3240 om.
623 3189 649 3238 Ε
672 3185 683 3255 ΙΙ
707 3192 757 3240 284
779 3190 851 3240 haec
874 3196 917 3241 est
938 3208 1029 3256 poena
1048 3208 1067 3243 α

142 3256 198 3305 hec
215 3271 288 3320 pena
308 3261 353 3306 est
370 3256 393 3306 lt
411 3259 454 3306 eat
466 3256 538 3306 baec
550 3272 576 3321 p.
596 3257 645 3322 Εψ
662 3254 674 3324 Η
689 3258 834 3307 thebarum
847 3260 872 3308 A
890 3259 1014 3309 thebana
1026 3263 1067 3309 uel

143 3323 304 3386 thebanam
325 3324 447 3374 thebano
459 3323 485 3373 E
497 3320 570 3391 {2288
588 3326 705 3375 tenebat
722 3326 747 3375 A
766 3326 874 3376 tenebit
891 3326 917 3375 E
939 3341 1066 3376 numeres

141 3406 215 3443 com.
238 3395 304 3443 m.2
328 3408 364 3441 ear
386 3395 507 3441 numeris
524 3391 550 3441 Ε
583 3389 594 3458 ΙΙ
628 3394 678 3443 289
696 3392 778 3444 POL.
796 3409 908 3444 numero
932 3397 960 3443 et
984 3398 1027 3443 est
1044 3411 1066 3444 ω

141 3458 228 3509 ΕΤΕ.
247 3464 390 3523 numeret,
411 3464 454 3509 ast
471 3458 589 3512 numm.
605 3457 617 3524 Η
633 3462 683 3510 290
701 3459 773 3510 100.
788 3461 813 3510 A
832 3477 878 3513 cm.
891 3460 917 3510 Ε
933 3457 945 3527 Η
961 3465 989 3510 te
1008 3466 1066 3510 tur-

140 3527 198 3577 bae
212 3526 237 3575 A
257 3531 285 3576 et
302 3528 365 3576 urbi
384 3527 408 3576 Ε
431 3523 442 3594 Η
464 3529 513 3578 uel
534 3527 689 3578 ascribo-A
707 3530 811 3579 ascribi
823 3527 849 3577 Ε
865 3543 936 3579 corr.
954 3529 1030 3579 Nlla.
1042 3526 1055 3595 ΙΙ

197 3641 322 3677 SENECAE
337 3643 421 3679 TRAG.
840 3610 860 3674 9
