2576 4044
244 240 308 306 386
387 189 391 195 ⁵
489 334 492 343 Ι
634 253 777 301 rncnsrr

235 394 379 473 'nihilque
394 391 475 469 leges
491 393 527 453 ad
543 410 625 453 meos
641 400 743 453 cantus
760 394 876 453 tenent:

247 480 448 540 flectemus
463 476 584 546 illum,
602 479 731 538 carmina
747 477 900 541 inueniant
916 480 981 543 iter.

213 596 216 603 ι
246 578 366 627 Durati.
384 579 457 642 quas
468 561 704 630 Pontusiterbas
720 570 843 639 generat
860 570 910 623 aut
927 581 1002 641 quae
1018 565 1155 629 thessala

248 648 303 709 sub
319 666 394 726 rupe
409 647 521 708 Pindus
537 646 604 707 alit:
628 645 678 707 ubi
694 647 844 708 inueniam
859 646 968 708 malunt

249 735 295 795 cui
312 733 397 793 cedat
411 730 481 793 ittet
504 732 636 792 carmine
651 733 682 791 in
698 739 794 791 terras
809 748 896 809 mago
1196 748 1238 797 att

248 817 408 880 descendat
423 817 509 876 astris
524 813 593 876 luna
609 815 734 876 desertis
750 814 819 876 iicet

248 911 277 964 et
292 902 397 963 bruma
414 918 525 961 messes
541 900 640 960 uideat
656 907 684 960 et
696 908 788 960 cantu
802 901 891 978 fugax

247 995 304 1049 stet
320 985 536 1065 deprehensum
555 982 665 1045 fulmen
682 991 711 1043 et
725 1002 812 1046 uersa
830 986 895 1051 uice

246 1072 361 1132 medius
377 1071 486 1130 coactis
502 1069 616 1130 seruent
630 1068 722 1128 stellis
738 1069 815 1129 dies:

244 1154 601 1217 nuntlectetillum.

244 1253 347 1302 NVTR.
616 1237 688 1299 uicit
703 1244 732 1297 et
746 1255 871 1316 superos
886 1256 977 1299 antur.

247 1337 366 1386 DEIAN.
383 1325 520 1385 uincetur
536 1323 587 1384 uni
602 1323 703 1382 forsan
720 1330 748 1382 et
762 1321 889 1402 spolium
906 1322 986 1385 dabit

246 1427 389 1489 amorque
405 1426 538 1471 summus
552 1408 602 1468 fiet
618 1406 735 1469 Alcidae
750 1405 859 1499 labor..

246 1495 298 1555 sed
314 1501 343 1553 te
360 1512 413 1572 per
430 1511 518 1553 omne
533 1491 669 1553 caelitum
687 1509 795 1551 numen
811 1510 934 1570 precor,

246 1597 300 1659 per
316 1578 396 1638 hunc
413 1579 564 1638 timorem:
587 1575 725 1655 quicquid
743 1578 843 1636 arcani
859 1595 970 1654 apparo

247 1664 363 1740 penitus
379 1661 524 1722 recondas
540 1669 570 1721 et
585 1661 672 1720 fidem
689 1662 806 1722 tacitam
823 1663 980 1740 exprimas.
1194 1675 1235 1725 484

246 1760 348 1808 murra.
366 1746 435 1824 quid
450 1745 528 1807 istud
544 1746 682 1824 estquod
699 1763 763 1806 esse
777 1754 925 1807 secretum
942 1748 1037 1825 petis?

246 1845 363 1892 mutan.
380 1848 439 1890 nun
454 1830 510 1891 tela
526 1837 595 1891 sunt
610 1847 669 1890 non
685 1847 767 1890 arma
783 1847 842 1889 non
858 1832 934 1909 ignis
949 1833 1057 1893 minax.

245 1928 348 1977 ern.
367 1924 519 1995 praestare
534 1915 628 1976 fateor
646 1931 732 1991 posse
749 1933 796 1975 me
811 1917 929 1977 tacitam
946 1916 1051 1986 fidem,

247 2003 271 2063 si
286 1999 399 2061 scelere
415 2008 529 2061 careat:
552 2000 671 2061 interim
687 1997 783 2060 scelus
799 2008 843 2060 est
857 2001 940 2062 tides.

245 2099 365 2146 nutam.
384 2086 578 2163 circumspice
594 2084 735 2161 agedum,
752 2102 791 2161 ne
805 2086 871 2163 quis
886 2103 995 2147 arcana
1011 2099 1152 2167 aucrrpet
1192 2096 1236 2147 485

245 2179 421 2250 partemque
436 2171 467 2230 in
483 2187 602 2230 omnem
620 2167 718 2229 uultus
728 2170 887 2247 inquirens
902 2179 957 2232 eat.

246 2269 349 2315 uvrn.
367 2273 403 2315 en
419 2254 502 2315 locus
519 2253 555 2314 ab
573 2255 653 2313 omni
669 2261 749 2313 tutus
765 2252 889 2314 arbitrio
905 2263 999 2317 uacat.

245 2353 364 2400 DEIAN.
383 2342 471 2400 estin
488 2346 602 2401 remote
617 2338 717 2415 regiae
732 2336 811 2398 sedis
824 2337 892 2401 loco
949 2353 997 2425 rt·k

246 2443 354 2485 arcana
371 2427 474 2485 tacitus
491 2434 591 2485 nostra
608 2423 770 2484 defendens
785 2440 902 2500 specus.
945 2458 950 2465 ·
1003 2452 1009 2465 ·

248 2528 306 2570 non
322 2509 372 2570 iile
388 2510 500 2587 primas
515 2511 621 2586 accipit
636 2506 713 2568 scies
729 2507 825 2575 locus,

248 2611 307 2652 non
324 2592 373 2652 iile
389 2612 487 2663 serus,
505 2612 571 2653 cum
589 2594 688 2653 ferens
704 2592 788 2652 Titan
805 2592 882 2652 diem

244 2738 447 2746 ...-.-..--.—-—

312 2812 363 2862 466
383 2811 461 2876 legis
480 2812 554 2863 NHs.
576 2809 588 2879 Η
609 2815 687 2861 tenet
705 2810 780 2861 IPal.
794 2809 912 2875 Scaliger
931 2807 943 2878 Η
965 2813 1015 2862 468
1034 2827 1104 2876 quas
1123 2819 1169 2868 εΑ

170 2917 173 2922 .
246 2888 338 2944 quem
362 2874 374 2945 Η
397 2880 447 2930 469
467 2878 537 2928 aluit
555 2879 579 2928 E
604 2883 652 2929 aut
670 2879 695 2927 A
713 2877 774 2934 6144
791 2880 893 2942 scripsi.
918 2875 930 2944 Η
951 2881 1002 2931 470
1021 2881 1104 2930 cedat
1123 2887 1167 2934 εΑ

247 2948 327 2999 cedet
345 2948 389 3011 tp?
418 2943 430 3014 ΙΙ
458 2950 507 2997 474
528 2949 556 2996 in
575 2953 652 2997 nstra
670 2945 694 2994 E
714 2942 840 2996 nstrisA
869 2942 881 3013 ΙΙ
910 2947 1039 2998 discedat
1056 2949 1169 3001 licetE

245 3017 363 3066 desertis
375 3016 446 3066 licet
457 3016 481 3065 A
494 3012 568 3082 11473
581 3014 641 3066 stet
653 3013 678 3062 E
687 3015 728 3063 Md
739 3014 777 3063 G?
790 3015 946 3065 Haterianus
958 3018 1039 3066 maior
1057 3016 1100 3066 Sit
1112 3018 1138 3067 A
1158 3018 1170 3085 d

245 3084 363 3134 aduersa
380 3083 406 3132 E
424 3089 452 3135 64
469 3099 551 3134 uersa
570 3083 594 3134 A
607 3079 618 3150 ΙΙ
630 3084 680 3132 474
698 3083 808 3132 ferucat
825 3081 851 3130 E
860 3082 900 3131 Mi
913 3084 1068 3134 Heinsianuc
1080 3085 1169 3136 maior

244 3151 358 3201 fulserit
376 3151 399 3201 R
416 3152 523 3217 fugerit
540 3153 564 3202 A
588 3147 599 3216 il
620 3152 671 3202 476
689 3164 772 3200 unum
791 3151 830 3200 eA
849 3151 937 3201 uirum
957 3151 1102 3215 npnastt.
1115 3169 1167 3219 mg.

245 3218 335 3269 iilum
355 3219 408 3269 GR.
432 3216 443 3287 it
466 3217 529 3271 475¹³
548 3220 630 3272 NVT.
649 3220 674 3268 A
693 3234 739 3270 cm.
758 3216 783 3264 E
806 3214 818 3284 [i
839 3219 889 3269 476
907 3219 980 3269 DEI.
1000 3219 1026 3270 A
1044 3236 1091 3270 om.
1111 3218 1137 3268 Ε
1159 3218 1169 3284 ζΙ

244 3288 295 3338 480
317 3286 396 3337 fidem
416 3290 531 3338 tacitam
549 3287 574 3337 Ε
605 3287 658 3337 fida
677 3288 766 3336 tacita
784 3287 809 3334 A
839 3284 850 3353 ΙΙ
880 3287 1019 3350 exprimas
1042 3286 1068 3337 Ε
1097 3302 1165 3352 pre-

244 3372 303 3406 mas
322 3357 347 3405 A
371 3352 383 3423 il
405 3357 454 3407 481
473 3357 545 3422 petis
564 3355 589 3403 E
611 3356 690 3405 iubes
709 3354 733 3403 A
758 3348 769 3418 Η
792 3353 843 3405 482
866 3354 958 3404 minax
977 3354 1002 3403 E
1025 3355 1116 3404 minse
1134 3357 1166 3407 A

244 3439 298 3473 non
318 3424 390 3488 ignis
409 3439 463 3473 non
481 3423 553 3472 mine
572 3419 681 3485 4444484
700 3419 753 3469 Sed
773 3435 810 3472 sc.
830 3439 853 3471 c.
873 3418 985 3488 1411486
1004 3422 1073 3472 cc'cu
1094 3426 1122 3472 64
1139 3439 1166 3472 ω

244 3496 376 3554 aucupet
394 3490 510 3553 Scaliger
533 3486 544 3555 ΙΙ
566 3490 616 3539 487
640 3488 755 3539 arbitrio
775 3487 877 3539 EPatt.
902 3490 1007 3539 arbitro
1027 3491 1051 3538 A
1074 3439 1165 3550 Hi&

243 3558 340 3619 regiae
354 3556 427 3606 sedis
440 3557 494 3606 646
507 3555 580 3606 sedis
593 3557 723 3620 egregiae
737 3555 761 3603 A
773 3550 786 3621 Η
798 3558 847 3607 489
860 3571 960 3622 specus
973 3557 1012 3607 eA
1026 3556 1103 3607 16666
1115 3563 1139 3620 ψ
1154 3554 1166 3621 d
