2536 4046
400 262 583 314 Huncvtms
605 251 776 336 [ananus]

126 407 181 467 sed
197 404 277 465 clara
294 403 398 464 uirtus.
427 403 478 481 qui
493 421 589 482 genus
605 405 694 465 iaetat
708 424 804 476 suum,

126 490 251 552 aliena
265 487 375 549 laudat.

89 571 109 630 i'
376 572 470 651 Rapta
486 573 539 634 sed
553 573 669 650 trepida
684 592 774 635 manu
856 630 858 635 .

126 666 246 737 sceptra
263 658 446 735 optinentur.
479 659 577 718 omnis
592 659 621 717 in
637 658 718 723 ferro
734 669 779 721 est
793 660 882 723 salus.

127 744 208 823 quod
224 741 338 803 ciuibus
353 750 456 802 tenere
472 749 501 802 te
515 742 615 801 inuitis
630 744 717 813 soias,

125 830 248 889 strictus
264 833 363 887 tuetur
379 826 468 886 ensis
498 823 623 886 alieno
639 827 669 887 in
684 827 750 889 ioco

126 913 200 974 haut
215 909 321 971 stabile
337 928 463 988 regnum
480 914 534 970 est.

89 1019 110 1069 k
329 1072 332 1079 ἱ
570 995 633 1056 Vna
647 995 700 1057 sed
714 1007 830 1060 nostras
845 1007 941 1078 potent

125 1080 253 1144 fundare
272 1080 350 1139 uires
366 1081 466 1140 iuncta
480 1078 574 1158 regali
588 1080 653 1141 tace
849 1128 861 1143 .
1063 1105 1114 1155 350

124 1165 323 1245 thalamisque
338 1165 456 1243 Megara
472 1163 561 1225 ducet
576 1172 606 1224 et
620 1182 731 1242 genere
746 1165 859 1229 incluto

125 1253 244 1313 nouitas
259 1248 391 1310 colorem
407 1256 518 1309 nostra.
549 1267 608 1309 non
625 1251 762 1327 equidem
778 1269 849 1314 reor

126 1337 192 1398 iore
208 1342 241 1395 ut
262 1340 412 1394 recuset
432 1351 467 1394 ao
482 1351 565 1394 meos
580 1342 702 1413 spernat
718 1343 808 1398 toros.

82 1421 112 1473 k'
171 1418 255 1489 Quod
270 1419 295 1477 si
310 1418 453 1498 inpotenti
468 1420 605 1496 pertinax
621 1418 719 1478 animo
734 1419 886 1491 abnuet,

125 1511 185 1565 stat
199 1504 317 1581 penitus
332 1520 449 1563 omnem
465 1501 571 1564 tollere
586 1501 756 1565 herculeam
772 1505 903 1567 domum.
1063 1526 1114 1575 355

124 1588 237 1650 inuidia
253 1588 363 1647 iactum
378 1605 414 1647 ao
428 1605 528 1647 sermo
543 1586 695 1666 popularis
710 1598 837 1664 premet.

112 1665 175 1734 'ars
190 1672 286 1750 prima
301 1673 387 1749 regui
405 1677 448 1732 est
463 1690 552 1750 posse
569 1695 584 1731 a
600 1672 742 1732 inuidiam
757 1677 826 1753 pati.
994 1620 1005 1725 i

125 1765 306 1836 temptemus
322 1756 421 1832 igitur.
452 1756 515 1815 iore
530 1756 611 1817 dedit
626 1754 712 1819 nobis
727 1755 837 1823 locum.

84 1846 111 1905 h'
170 1841 305 1918 Namque
320 1841 385 1918 ipsa
402 1841 477 1900 tristi
493 1843 584 1901 uestis
600 1840 723 1902 obtentu
739 1852 827 1922 caput

125 1924 221 1987 uelata
237 1928 318 1985 iuxta
334 1924 485 2003 praesides
500 1924 597 1986 adstat
612 1925 693 1996 deos,

99 2056 102 2059 -
122 1996 269 2089 tarefdpe
285 2008 425 2070 adhaeret
440 2027 530 2070 uerus
545 2009 666 2071 Aloidae
681 2018 772 2074 sator.

95 2231 109 2279 i
169 2225 252 2273 mue.
283 2211 427 2281 Quidnam
443 2212 498 2271 iste
514 2215 607 2272 nostri
622 2215 740 2290 generis
755 2215 876 2274 exitium
893 2233 926 2275 ao
941 2214 1007 2278 lues

124 2300 197 2359 noui
212 2296 314 2375 parat?
337 2296 406 2376 quid
422 2298 564 2373 temptat?-

73 2439 77 2448 .
122 2394 202 2442 Luc.
579 2380 733 2441 Ooiarum
749 2381 870 2442 trahens

123 2485 142 2528 a
157 2468 249 2545 stirpe
265 2481 374 2525 nomen
389 2466 486 2542 regia,
504 2463 599 2524 facilis
615 2483 678 2525 mea

122 2568 287 2632 parumper
302 2567 372 2610 aure
388 2548 481 2609 uerba
498 2550 620 2626 patienti
636 2550 749 2628 excipe.

83 2650 107 2702 1⁰
168 2636 199 2696 Si
214 2643 335 2696 aeterna
351 2652 470 2713 semper
486 2633 569 2693 odia
584 2634 724 2695 mortales
739 2647 845 2710 gerant
937 2644 940 2649 ’

120 2789 321 2799 ..—-.-—-——

202 2872 253 2923 345
276 2869 371 2936 reptes
386 2869 434 2919 sed
458 2869 483 2918 Ε
505 2866 518 2935 ΙΙ
545 2871 594 2921 346
616 2872 727 2936 optineo
751 2887 787 2922 eae
802 2874 931 2939 optinent
943 2875 1040 2936 foetum

123 2941 152 2990 V
177 2936 189 3003 ΙΙ
223 2940 273 2989 att
301 2944 396 2987 tenere
419 2942 447 2987 te
475 2935 524 2986 VA
561 2945 716 3001 teneturu
751 2947 796 2988 tur
816 2941 915 3006 syllaba
937 2943 963 2990 in
985 2959 1039 2993 roo.

116 3003 198 3072 5²11
225 3008 276 3057 349
304 3011 352 3055 out
374 3003 409 3053 Ει
445 3001 457 3070 ΙΙ
491 3006 541 3055 351
565 3007 785 3071 (5655555157
813 3004 826 3074 ll
859 3008 897 3060 th.
917 3008 1039 3060 thebana

115 3074 206 3124 ducet
233 3074 261 3122 V
268 3100 272 3107 .
296 3070 309 3140 ΙΙ
348 3072 432 3123 ducet
459 3078 487 3122 et
509 3089 535 3137 g.
559 3073 648 3123 EVP
681 3074 764 3125 ducet
788 3091 803 3124 e
827 3092 853 3141 g.
878 3076 902 3125 A
940 3072 952 3143 ΙΙ
989 3081 1040 3130 355

115 3143 185 3192 Stat
210 3140 311 3191 toliere
337 3141 447 3207 penitus
472 3155 580 3190 omnem
610 3142 665 3191 VP
681 3143 788 3192 Vrotiet.
829 3144 893 3193 Stat
919 3149 939 3196 t.
963 3160 987 3195 ο.
1012 3163 1038 3212 p.

115 3209 162 3260 εΑ
192 3208 255 3259 Stat
272 3225 299 3273 p.
318 3224 343 3260 o.
365 3208 465 3258 tollere
488 3210 583 3273 scripsi
610 3206 622 3273 ΙΙ
651 3211 701 3261 356
724 3210 827 3260 foetum
846 3210 905 3276 E¹qr
935 3213 1039 3263 fastum

114 3277 170 3342 φΑ
194 3272 206 3343 ΙΙ
229 3279 279 3329 357
298 3290 379 3341 posse
392 3280 420 3325 te
432 3275 488 3326 inu.
502 3277 526 3326 Α
549 3281 577 3326 te
594 3277 666 3327 adest
683 3278 764 3341 EVp
783 3295 809 3344 p.
823 3279 859 3329 ad
870 3279 1039 3344 inuidiamp

115 3348 154 3395 et
176 3344 223 3394 uel
246 3347 279 3394 iu
299 3345 354 3395 ino.
375 3344 428 3395 ult.
453 3344 517 3405 fort.
547 3345 671 3409 pondus
693 3346 816 3396 inuidiae
840 3348 907 3411 pati.
942 3345 955 3410 ΙΙ
988 3351 1038 3399 358

112 3426 182 3463 sors
210 3413 301 3463 VR12
324 3429 356 3464 m.
373 3427 425 3461 aec.
454 3407 465 3477 Η
493 3411 585 3462 locum
602 3413 682 3463 nobis
699 3412 734 3461 Εί
769 3410 780 3479 Η
816 3417 865 3466 353
884 3415 1041 3464 obtectuV

112 3479 156 3532 II
159 3480 264 3534 Parin
289 3480 404 3529 obtentu
422 3478 522 3541 EMn'dr
549 3477 562 3547 ΙΙ
589 3483 639 3533 360
657 3498 703 3532 ont.
722 3481 757 3529 ΕΙ
776 3484 802 3531 in
819 3498 865 3546 mp.
884 3480 921 3529 Ε2
949 3478 960 3548 ΙΙ
988 3484 1038 3533 366

110 3547 329 3615 gerantEVdE
351 3549 473 3612 agentA
498 3544 509 3614 ii

173 3664 295 3698 suuncio
316 3663 399 3700 anno.
812 3630 832 3691 2
