2484 4044
176 1313 194 1347 a

207 255 271 321 416
288 227 291 231 ’
594 269 738 318 monum

211 411 325 489 tuisque
340 409 454 469 lacibus
469 416 554 469 natus
569 410 598 468 in
614 412 703 469 terris
718 428 814 479 eram,

210 495 246 555 ad
263 495 350 573 Styga
366 502 513 554 reuertor.
544 501 645 572 surget
660 494 826 555 Enceladus
841 495 925 554 ieron

209 580 363 657 mittetque
379 596 438 656 quo
454 597 534 639 nunc
549 581 693 658 premitur
708 581 737 638 in
755 597 880 656 superos
896 596 980 639 onus.

209 682 333 740 regnum
349 681 437 723 omne
453 665 569 740 genitor
585 664 714 724 aetheris
730 663 850 724 dubium
867 663 919 723 libi

209 767 291 807 mors
306 756 407 808 nostra
424 748 518 809 laciet.
551 756 720 828 antequam
737 747 864 827 spolium
880 750 922 808 tui

210 832 322 893 caelum
339 851 427 893 omne
442 834 507 903 liat,
524 833 619 892 conde
635 852 682 893 me
699 841 758 893 tota
776 842 859 910 pater

210 917 313 977 mundi
329 920 423 979 ruina.
456 919 558 995 lrange
573 918 780 997 quem-perdis
796 918 905 995 polum.

595 1149 742 1197 CHORVS.

382 1288 447 1348 Non
462 1306 538 1349 uana
554 1289 640 1348 times
653 1296 721 1349 nate
738 1290 881 1348 tonantis:

337 1375 395 1433 iam
412 1381 440 1432 te
456 1372 528 1433 caeli
544 1391 635 1451 regua
652 1382 823 1452 sequentur.

338 1459 396 1517 iam
412 1457 597 1518 thessalicam
613 1457 715 1518 Pelion
731 1457 833 1519 Ossam

339 1549 455 1619 promet
471 1550 500 1603 et
514 1542 608 1602 Pindo
624 1555 782 1619 congestus
796 1543 888 1604 Athos

339 1645 444 1686 nemus
460 1626 605 1688 aethereis
621 1628 731 1688 inseret
746 1630 842 1687 astris.

347 1805 351 1811 ⁴
383 1777 486 1838 Vincet
501 1777 639 1858 scopulos
655 1779 723 1839 inde
738 1779 896 1859 Typhoeus

340 1869 368 1922 et
383 1862 555 1940 tyrrhenum
571 1865 645 1924 leret
660 1863 822 1933 Inarimen,

340 1946 415 2007 leret
431 1956 568 2009 aetnaeos
584 1949 652 2008 inde
667 1950 798 2008 caminos

339 2032 512 2112 scindetque
528 2032 604 2092 latus
621 2035 728 2093 montis
744 2033 852 2109 aperti,

340 2117 471 2177 nonclum
487 2117 655 2178 Enceladus
671 2117 794 2178 fulmine
810 2120 915 2178 uictus

572 2349 764 2397 HERCVLES.
863 2312 867 2321 ι

254 2487 316 2565 Ego
333 2489 382 2566 qui
398 2486 500 2548 relicta
517 2495 611 2548 morte
628 2496 795 2566 contempta
812 2489 899 2567 Styge

211 2591 266 2651 per
281 2572 377 2633 media
392 2572 500 2633 Lethes
515 2580 617 2650 stagna
634 2592 700 2633 cum
717 2571 811 2651 spolio
827 2574 891 2634 redi

211 2675 270 2735 quo
286 2673 380 2734 paene
394 2656 484 2733 lapsis
500 2658 606 2717 excidit
620 2657 705 2718 Titan
723 2660 821 2735 equis,

213 2801 416 2810 ——-——-

281 2875 346 2924 1148
364 2879 445 2925 natus
463 2876 492 2924 in
510 2877 591 2926 terris
610 2877 635 2925 E
646 2878 672 2927 A
695 2877 724 2925 in
742 2877 825 2927 terris
843 2882 926 2928 natus
944 2886 967 2941 op
988 2875 1000 2945 Η
1024 2883 1089 2928 erat
1109 2880 1136 2929 E

213 2958 289 2991 eram
306 2944 331 2992 A
344 2939 356 3009 Η
374 2947 439 2994 1150
457 2943 633 3008 Montemque
653 2945 678 2993 E
695 2946 843 3009 mittetque
857 2946 882 2996 A
895 2942 906 3011 Η
919 2962 987 2996 onus
1006 2963 1027 2996 co
1039 2943 1051 3011 Η
1066 2950 1135 2998 1153

211 3011 302 3060 faciut
314 3012 339 3060 Ε
356 3011 405 3061 fiat
417 3012 442 3060 A
459 3008 471 3079 Η
489 3015 554 3062 1154
572 3013 672 3076 premis
689 3012 715 3060 Ε
733 3013 825 3076 perdis
842 3014 867 3063 A
913 3014 1059 3064 cHouvs
1072 3014 1101 3062 E
1110 3024 1135 3078 ψ

211 3094 258 3128 om.
272 3077 297 3127 A
310 3077 321 3143 Η
340 3080 405 3129 1155
419 3079 501 3130 Chori
514 3087 575 3130 nota
583 3082 708 3143 praefixa
720 3080 745 3128 A
759 3097 805 3131 om.
819 3081 868 3144 Εψ
913 3100 937 3131 u.
951 3083 1015 3131 1161
1029 3082 1077 3130 huc
1090 3100 1134 3132 re-

211 3148 304 3195 uocant
314 3143 326 3213 Η
338 3162 425 3211 regna
443 3148 467 3196 Ε
486 3149 565 3212 signa
579 3149 604 3196 A
616 3144 627 3213 Η
641 3148 705 3197 1166
723 3148 803 3198 Nunc
821 3148 870 3199 ER
887 3151 946 3198 Iam
960 3150 984 3199 A
997 3145 1133 3214 111115388-

210 3213 292 3262 licam
306 3229 331 3278 p.
346 3229 435 3263 ossam
448 3215 497 3265 ER
509 3215 675 3264 Thessalica
688 3215 717 3264 P.
731 3217 801 3265 Ossa
814 3217 840 3266 A
852 3215 863 3281 Η
876 3219 942 3268 1159
955 3216 1104 3282 tipheusqo
1119 3219 1133 3281 Η

214 3283 279 3330 1160
298 3282 436 3344 tyrrheam
454 3283 480 3331 Ε
497 3279 508 3347 Η
525 3285 554 3331 in
573 3283 678 3333 crimen
697 3283 746 3333 En
762 3280 773 3349 Η
790 3284 984 3334 Hunovuus
1003 3284 1028 3333 Ε
1039 3291 1064 3347 ’ψ
1082 3301 1133 3337 om,

214 3351 238 3399 A
252 3345 263 3415 Η
276 3350 342 3399 1165
360 3349 490 3399 Herculis
509 3357 571 3399 nota
585 3352 710 3413 praefixo
728 3352 752 3399 A
773 3367 820 3404 om.
839 3352 897 3417 Εψ
915 3348 926 3418 Η
945 3353 1010 3403 1166
1028 3356 1134 3417 stagna

213 3418 261 3467 εΑ
281 3417 372 3467 stadia
384 3424 407 3479 ψ
419 3414 431 3483 Η
444 3418 509 3466 1167
523 3419 583 3478 Quo
595 3433 703 3481 poenae
715 3417 799 3468 lassis
812 3419 838 3468 Ε
850 3420 910 3482 Quo
924 3435 994 3485 pene
1007 3420 1097 3484 lapsis
1111 3421 1135 3470 n

214 3482 282 3532 Cum
300 3500 371 3547 pene
389 3484 471 3533 lassis
490 3484 530 3531 ou
552 3484 649 3547 (lapsis
668 3501 737 3535 corr.
757 3486 872 3550 Lipsius)
898 3487 965 3536 Cum
983 3503 1055 3552 pene
1075 3492 1132 3537 tre-

213 3549 284 3612 pidis
303 3552 328 3599 A
343 3551 408 3613 sort.
428 3551 519 3609 Quom
542 3566 570 3613 p.
589 3552 693 3614 lapsus
712 3556 776 3606 conl.
797 3555 878 3607 Herc.
897 3556 914 3605 Ι
932 3573 956 3605 o.
969 3558 1009 3605 66.
1033 3550 1046 3620 Η
