2576 4044
203 222 267 287 308
486 236 516 286 n.
535 236 669 283 unuani
685 235 841 284 sennenn

169 384 182 434 f
247 376 341 447 Quem
357 378 428 437 mihi
445 376 517 438 caeli
533 376 582 454 qui
599 375 676 436 iurta
692 375 745 435 luit

204 465 320 524 uisoere
336 463 412 531 feto,

185 546 309 608 'dedit
325 553 354 607 et
371 547 472 608 docuit
489 576 628 591 ·····
649 579 685 590 -

206 631 337 692 condere
352 633 433 693 uires
448 640 511 691 arte
526 630 785 691 Prometheus.

171 714 192 772 f
223 714 226 720 ‘
248 716 358 777 Dedit
373 724 403 776 et
416 716 499 777 tenui
514 713 626 775 sulfure
641 721 735 775 tectos

204 799 504 879 Mulciberignes,

205 895 234 945 et
248 886 363 946 uiuacis
378 884 495 962 fulgura
510 882 646 943 flammae

205 969 241 1031 de
257 977 384 1047 cognato
399 967 584 1028 Phaethonte
599 966 666 1037 tuli,

170 1053 204 1113 e''
246 1052 521 1114 Habeoilammos

205 1143 270 1197 usto
288 1139 364 1197 tauri
379 1144 500 1213 gutture
515 1142 630 1214 raptas,

204 1219 322 1282 habeo
337 1221 452 1283 mediae
468 1219 544 1280 dona
561 1219 735 1282 Chimaerae

205 1323 280 1383 quae
294 1307 442 1384 permixto
457 1303 525 1365 ielle
540 1304 679 1366 Medusae

205 1390 327 1451 tacitum
342 1391 413 1451 iussi
428 1407 550 1451 seruare
565 1389 684 1450 malum.

171 1474 198 1533 b'
250 1475 472 1535 Addeuenenis

205 1560 339 1619 stimulos
355 1558 495 1619 Hecate
511 1558 656 1637 donisque
671 1558 744 1618 rneis

206 1643 319 1703 semina
334 1642 471 1702 flammae
487 1643 605 1703 condita
620 1661 707 1703 serua

206 1725 308 1786 fallant
324 1728 406 1787 uisus
420 1732 575 1805 tactusque
592 1727 689 1787 ierant

206 1818 284 1871 rneet
297 1813 329 1871 in
345 1818 449 1889 pectus
465 1828 615 1889 uenasque
631 1811 725 1879 calor,

172 1893 198 1953 α’
250 1894 367 1955 Stiilent
382 1904 464 1956 artus
479 1914 604 1974 ossaque
620 1896 734 1957 furnent

206 1979 363 2059 uineatque
379 1997 448 2040 suas

206 2062 350 2140 flagrante
367 2082 452 2124 eorna
467 2081 545 2124 noua
562 2071 651 2143 nupta
667 2066 755 2125 feces.

206 2154 275 2207 uota
291 2155 448 2209 tenentur:
471 2154 517 2206 ter
532 2146 655 2209 latratus

206 2231 301 2293 audax
316 2232 456 2293 hecate
473 2232 554 2293 dedit
569 2239 598 2292 et
612 2250 714 2293 saeros

206 2315 297 2377 edidit
312 2317 396 2395 ignes
412 2318 476 2377 sace
491 2316 636 2378 luctifera.

248 2485 371 2546 Peracta
388 2486 434 2545 uis
450 2493 494 2547 est
509 2488 619 2546 omnis:
642 2486 701 2546 huo
718 2492 821 2564 gnatos
838 2504 927 2555 noea,

206 2569 337 2645 pretiosa
353 2587 407 2647 per
425 2588 498 2648 quos
514 2570 589 2629 dona
605 2569 729 2631 nubenti
745 2571 833 2632 ieras.

206 2653 247 2712 ite
263 2652 302 2712 ite
318 2653 381 2714 nati
393 2656 494 2715 matris
510 2653 655 2715 infaustae
670 2671 765 2731 genus

206 2736 322 2813 placate
337 2736 425 2798 uobis
440 2756 565 2798 munere
581 2746 609 2799 et
624 2738 715 2800 inulta
731 2757 821 2819 prece

206 2820 357 2881 dominam
373 2839 408 2882 ao
423 2840 592 2883 nouercam.
624 2822 722 2885 uadite
738 2831 767 2885 et
783 2823 895 2886 celeres
911 2823 1032 2885 domum

206 2904 316 2964 referte
332 2921 468 2981 gressus:
493 2906 597 2968 ultimo
613 2908 751 2986 amplexu
767 2917 798 2970 ut
813 2907 905 2970 fruar.

206 3109 406 3117 ——--—--———

274 3242 324 3290 828
343 3246 431 3292 artem
449 3244 474 3293 A
494 3247 554 3294 erte
574 3244 599 3292 E
627 3240 639 3309 ΙΙ
667 3245 718 3296 830
737 3250 766 3294 at
784 3247 875 3295 tenuit
891 3247 916 3296 A
936 3250 964 3296 et
981 3246 1060 3296 tenui
1077 3257 1091 3296 ε
1111 3244 1124 3307 ΙΙ

174 3352 191 3375 ,
204 3309 256 3359 885
273 3307 364 3359 habeo
383 3309 501 3369 mediae,
513 3311 586 3363 dona
606 3310 771 3363 Chimaerae
790 3310 940 3377 (clymerae
953 3313 989 3375 Ε)
1010 3311 1014 3379 1
1034 3313 1124 3364 habeo

204 3377 339 3427 flammeo.
353 3381 416 3428 usto
429 3376 534 3441 Taurii
549 3385 660 3444 gutture
679 3385 775 3445 reptes
790 3405 796 3419 ·
811 3394 881 3444 ques
898 3381 1034 3446 permixto
1053 3380 1126 3446 (per-

205 3444 288 3495 misto
301 3445 353 3512 A)
370 3463 392 3496 co
422 3447 537 3497 ordinem
560 3449 685 3504 restituit,
708 3463 785 3512 quae
804 3446 886 3512 (838)
905 3450 959 3499 rori
976 3451 1010 3499 rit
1028 3448 1091 3499 nr.
1110 3447 1123 3511 ΙΙ

203 3509 255 3559 845
273 3512 363 3563 stillet
379 3513 405 3562 Ε
417 3511 490 3580 11850
507 3512 626 3566 lucifera
644 3514 669 3564 Ε
680 3511 693 3582 ΙΙ
704 3516 754 3567 855
772 3519 801 3567 ei
819 3515 844 3565 A
864 3531 897 3566 ae
915 3515 940 3564 Ε
957 3465 975 3582 ἦ
