2544 4046
226 223 267 287 76
502 238 534 285 u.
551 237 685 286 anunm
701 236 858 286 suuucau

223 384 363 457 tutusque
378 395 481 438 mensa
497 379 613 456 capitur
628 385 753 455 angusta
768 374 862 438 cibus.
926 386 930 401 ²

131 508 134 511 a
223 479 373 524 uenenum
389 463 419 523 in
433 480 508 523 auro
523 461 644 546 bibitur.
674 468 815 539 expertus
829 459 951 539 loquor:
1123 477 1147 519 r.
1158 475 1232 520 omn

223 545 329 606 malam
345 546 441 607 bonae
456 546 610 625 praeferre
625 545 775 607 fortunam
791 545 869 606 licet.

189 634 213 694 e'
267 631 345 692 Nou
360 633 471 692 uertice
487 629 537 692 alti
552 631 661 691 montis
675 631 831 709 inpositam
847 630 969 692 domum
1163 636 1208 685 45⁶

224 723 254 777 et
269 717 446 777 eminentem
462 716 565 776 ciuitas
579 714 701 775 humilis
717 715 825 782 tremit,

222 819 289 861 nec
305 799 398 878 fulget
412 799 477 862 altis
492 798 679 879 splendidum
693 800 780 861 tectis
796 798 880 867 ebur,

223 903 402 966 somnosque
416 902 489 946 uon
505 883 637 945 defendit
652 883 809 945 excubitor
824 900 917 945 meos.

223 987 294 1029 non
311 968 453 1031 classibus
468 970 618 1048 piscamur
634 977 663 1029 et
677 976 759 1030 retro
775 986 857 1029 mare

223 1055 299 1114 iacta
314 1054 452 1130 legamus
467 1053 545 1113 mole
561 1072 626 1115 nec
642 1060 778 1114 uentrem
793 1050 964 1130 improbum
1159 1057 1208 1108 tto

224 1137 329 1198 alimus
344 1137 455 1199 tributo
471 1139 619 1216 gentium:
637 1136 764 1209 nullus
778 1137 852 1197 milri

223 1220 300 1282 ultra
317 1222 404 1284 Getas
419 1230 548 1284 metatur
564 1230 592 1283 et
606 1222 733 1284 Parthos
748 1238 828 1299 ager.

185 1306 217 1366 0⁰
269 1307 345 1368 Non
360 1315 427 1368 ture
443 1306 568 1368 colimur
583 1325 651 1368 nec
666 1324 751 1367 meac
767 1304 887 1380 excluso
902 1303 972 1367 lone
1038 1356 1041 1361 ,

224 1401 368 1453 ornantur
384 1411 469 1462 arae,
486 1390 588 1453 nulla
604 1391 782 1452 culminibus
796 1391 872 1451 meis

223 1477 351 1553 inposita
368 1484 452 1538 nutat
466 1477 558 1546 silua,
574 1494 641 1538 nec
656 1476 772 1559 sumant
786 1491 877 1537 manu

223 1577 366 1621 succensa
382 1560 473 1622 multa
489 1569 607 1640 stagna,
624 1578 691 1622 nec
713 1577 817 1621 somno
835 1558 897 1620 dies

223 1643 396 1723 bacchoque
412 1663 471 1706 nox
487 1645 635 1724 iungenda
651 1642 788 1724 peruigili
804 1644 905 1704 datur:

223 1728 275 1789 sed
291 1746 352 1788 non
367 1731 515 1800 timemur,
532 1738 595 1792 tuta
609 1731 672 1790 sine
687 1727 747 1789 telo
762 1735 807 1788 est
821 1728 927 1789 domus

223 1812 373 1890 rebusque
388 1816 490 1892 paruis
507 1812 563 1875 alta
579 1821 746 1892 praestatur
761 1803 855 1891 quies'.

223 1898 342 1959 inmane
357 1917 484 1978 regnum
501 1907 546 1961 est
560 1917 649 1978 posse
664 1899 728 1961 sine
743 1913 837 1974 regno
853 1897 925 1975 pati.
1157 1903 1205 1953 eto

129 1996 131 2000 ⁴
189 1982 215 2040 d'
269 1997 374 2043 rans.
397 1984 459 2045 Nec
474 1984 663 2045 abnuendum
679 1990 737 2052 est,
754 1983 779 2043 si
794 1981 844 2042 dat
858 1979 1017 2060 imperium
1032 1979 1117 2043 deus.

223 2080 305 2127 ΤΗΥ.
336 2085 391 2129 nec
406 2067 604 2146 adpetendum
622 2076 675 2143 est.

223 2165 326 2211 rans.
707 2153 826 2213 irater
842 2158 874 2210 ut
890 2166 997 2226 regnes
1011 2158 1107 2226 rogat.

222 2249 303 2296 THY.
326 2236 430 2315 rogat?
445 2236 609 2298 timendum
626 2244 679 2299 est.
704 2242 784 2296 errat
798 2235 847 2296 bic
863 2233 968 2312 aliquis
984 2233 1079 2295 dolus.

222 2320 325 2382 rans.
349 2322 449 2383 redire
464 2323 558 2401 pietas
573 2322 654 2383 unde
669 2328 816 2391 summota
832 2328 875 2380 cst
890 2318 974 2387 solet,

221 2413 401 2487 reparatque
416 2409 497 2468 uires
512 2407 605 2467 iustus
621 2407 744 2467 amissas
759 2423 852 2466 amor.
1156 2409 1203 2459 475

183 2488 209 2547 a'
263 2503 344 2551 ΤΗΥ.
373 2494 459 2552 Amat
474 2491 622 2571 Thyesten
638 2492 747 2551 irater?
763 2490 918 2551 aethereas
932 2487 1015 2568 prius

222 2573 381 2652 perfundet
394 2577 500 2636 Arctos
516 2585 625 2654 pontus
641 2583 670 2637 et
684 2575 768 2635 siculi
783 2592 875 2653 rapax

223 2660 365 2719 consistet
382 2668 481 2721 aestus
497 2661 575 2721 unda
593 2668 622 2721 et
637 2661 716 2721 ionio
732 2676 817 2737 seges

221 2750 336 2803 matura
352 2742 458 2821 pelago
475 2753 579 2821 surget
593 2751 623 2804 et
637 2744 734 2809 lucem
749 2744 831 2805 dubit

221 2844 280 2886 nox
296 2834 359 2887 atra
376 2829 478 2900 terris,
495 2835 562 2889 ante
579 2846 645 2889 cum
661 2830 788 2890 flammis
804 2847 897 2908 aquae

221 2929 289 2971 cum
306 2919 401 2974 morte
418 2915 478 2973 uita
495 2931 562 2974 oum
578 2915 655 2974 mari
670 2922 776 2976 uentus
793 2914 882 2975 iidem

287 3181 338 3231 452
360 3186 488 3249 totusque
506 3183 532 3233 Ε
555 3187 684 3248 tutusque
703 3185 728 3234 A
756 3180 767 3249 Η
797 3191 915 3250 angusto
934 3185 1012 3236 cibus
1029 3184 1055 3234 Ε
1080 3182 1138 3249 (litt.

219 3247 440 3315 abaciacum.)
461 3248 473 3317 Η
495 3253 546 3301 460
563 3252 656 3302 nonA
674 3252 788 3303 necEB
810 3248 822 3319 ΙΙ
844 3254 895 3303 462
912 3253 1063 3303 metiturA
1081 3267 1139 3302 mo·

219 3319 295 3367 tatur
314 3317 368 3369 eos
385 3335 426 3368 aa.
439 3334 475 3370 ex
486 3319 589 3370 Patale
611 3316 624 3385 Η
652 3321 702 3370 467
720 3319 846 3372 ducenda
858 3322 884 3371 Α
907 3318 1049 3385 iungendo
1066 3320 1092 3371 Ε
1115 3316 1128 3386 11

218 3386 269 3436 468
288 3386 415 3437 timemus
434 3402 453 3436 ot
480 3386 608 3437 timemur
625 3386 676 3438 ER
709 3384 721 3454 ll
756 3391 805 3438 471
826 3392 869 3439 est
887 3401 901 3440 ε
918 3389 1004 3439 om.A
1039 3385 1051 3454 ll
1088 3390 1139 3439 ma

218 3452 340 3504 ΤΗΥ.Α
358 3470 406 3507 om,
421 3454 447 3504 E
474 3450 487 3520 ll
515 3453 596 3504 esth*
612 3454 698 3505 onnA
726 3453 738 3520 Π
766 3455 835 3520 Phy.
855 3456 981 3507 freterA
999 3455 1068 3520 Phy.
1091 3472 1137 3508 om.

219 3517 243 3566 E
271 3515 285 3585 ΙΙ
313 3521 432 3573 TANT.
451 3523 539 3572 irater
556 3523 651 3586 scripsi
672 3517 685 3587 H
