2544 4040
519 266 687 314 PHAEDRA

142 406 332 484 lacrimisque
349 406 449 482 cogis?
473 405 618 483 profugus
633 424 671 466 en
687 409 814 467 coniunx
830 407 914 468 abest

141 497 331 569 praestatque
347 496 455 567 nuptae
471 507 557 568 quam
575 489 651 551 soiet
664 490 798 552 Theseus
812 492 910 553 fldem.

106 585 125 633 b
183 575 285 636 'Fortis
298 591 354 652 per
369 573 442 634 altas
456 575 529 634 inuii
543 582 627 634 retro
642 574 724 635 lacus
1039 587 1164 630 servm

142 660 225 719 uadit
239 658 377 720 tenebras
393 658 477 719 mites
492 658 612 718 audacis
626 662 711 738 proci

142 744 218 804 sotio
234 751 267 803 ut
281 743 430 804 reuulsam
445 744 525 820 regis
539 743 648 803 interni
662 744 821 823 abstrahat,
1081 762 1130 810 100

143 829 241 906 pergit
255 828 365 889 furoris
381 827 488 889 socius.
519 826 597 888 haud
613 827 694 889 ilium
712 831 800 889 timor

142 913 279 990 pudorne
295 914 406 972 tenuit:
433 920 533 990 stupra
550 921 579 973 et
592 912 719 974 inlicitos
735 921 816 974 toros

141 998 311 1057 Acheronte
325 998 355 1056 in
371 998 430 1056 imo
446 998 562 1075 quaerit
576 996 726 1077 Hippolyti
742 1007 836 1075 pater.

105 1083 132 1140 b'
188 1081 247 1142 Sed
262 1083 356 1141 maior
372 1080 446 1141 atius
461 1080 581 1141 incubat
595 1090 723 1143 maestae
738 1082 834 1144 dolor.

143 1183 204 1225 non
220 1184 268 1226 me
284 1168 369 1245 quies
383 1172 529 1225 nocturna
546 1184 606 1226 non
622 1166 698 1227 attus
713 1185 803 1244 sopor

142 1249 261 1312 soluere
277 1251 371 1311 euris:
387 1249 475 1310 alitor
491 1260 520 1311 et
536 1252 643 1311 erescit
658 1250 767 1311 matum

142 1341 172 1395 et
187 1335 272 1395 ardet
286 1336 366 1394 intus
380 1334 476 1414 quatis
491 1342 614 1395 aetnaeo
631 1353 725 1414 uapor

142 1418 274 1480 exundat
288 1427 383 1493 antro.
414 1417 536 1496 palladis
551 1418 625 1480 telae
640 1429 747 1479 uacant

142 1511 173 1565 et
188 1505 264 1564 inter
280 1505 360 1582 ipsas
375 1521 465 1582 pensa
482 1503 624 1584 labuntur
638 1522 754 1565 manus.

108 1614 123 1647 ο
186 1587 251 1648 Nou
267 1587 366 1648 coiere
380 1587 466 1648 donis
482 1588 590 1666 templa
606 1590 715 1649 uotiuis
730 1588 811 1658 libet,

141 1691 203 1732 non
219 1674 295 1734 inter
310 1689 376 1733 aras
391 1671 542 1733 Atthidum
557 1672 678 1734 mixtam
694 1675 786 1735 choro

141 1760 253 1817 iactare
270 1759 365 1818 tacitis
381 1760 514 1817 conscias
529 1760 621 1818 saeris
636 1759 716 1819 iares

141 1859 198 1901 neo
214 1841 296 1901 adire
313 1842 400 1902 castis
415 1841 556 1920 precibus
572 1851 621 1903 aut
635 1844 694 1904 ritu
710 1845 759 1920 pio

141 1925 325 1988 adiudicatae
341 1927 506 2003 praesidem
523 1933 622 1987 terrae
637 1928 739 1988 deam:

141 2012 225 2070 iuuat
240 2012 379 2072 excitatas
395 2013 536 2089 consequi
551 2029 642 2072 eursu
658 2012 737 2073 teras

142 2102 172 2154 et
186 2095 279 2173 rigida
297 2094 385 2154 motii
395 2112 482 2173 gaesa
498 2095 619 2157 iaouiari
635 2114 734 2157 manu.

105 2180 130 2238 o'
187 2178 251 2249 Quo
268 2180 363 2240 tendis
378 2180 494 2239 anime?
517 2180 588 2260 quid
603 2181 707 2242 iurens
722 2182 813 2244 saltus
828 2183 928 2243 arnas?

142 2261 229 2324 iataie
245 2264 370 2324 miserae
387 2266 488 2324 matris
504 2282 632 2341 agnosco
648 2265 768 2327 maium.

142 2365 269 2426 peeoaro
283 2356 386 2409 noster
401 2350 484 2408 nouit
498 2350 529 2408 in
544 2348 625 2411 sitris
640 2367 733 2411 arnor.

141 2434 277 2510 genetrix
294 2434 335 2493 tui
349 2451 398 2493 me
412 2434 547 2495 miseret:
571 2434 692 2494 infando
708 2434 785 2495 mato

141 2524 278 2594 correpta
295 2519 412 2596 peeoris
428 2519 550 2579 efferum
567 2521 648 2580 saeui
663 2519 769 2580 durem

141 2600 237 2661 audax
253 2604 367 2664 amasti.
398 2609 503 2663 toruus
519 2604 664 2682 inpatiens
680 2606 739 2680 iugi

140 2684 258 2747 aduiter
273 2685 321 2747 iiie
337 2687 444 2747 ductor
459 2688 593 2749 indomiti
609 2690 717 2766 gregis.

102 2778 123 2827 d
185 2769 243 2831 Sed
260 2769 377 2831 amabat
392 2770 515 2850 aliquid:
542 2774 607 2849 quis
623 2790 704 2833 meas
720 2777 846 2834 miserae
863 2773 935 2835 deus

140 2860 192 2914 aut
207 2856 272 2933 quis
287 2856 392 2916 iuuare
408 2854 552 2916 daedalus
567 2856 701 2917 flammas
717 2858 821 2937 queat?

140 2956 201 2998 non
217 2940 242 2999 si
256 2937 306 3018 ille
321 2950 436 3002 remeet
452 2949 514 3000 arte
530 2943 684 3019 mopsopia
700 2950 805 3019 potens

139 3025 192 3102 qui
207 3030 308 3084 nostra
325 3042 412 3085 caeca
429 3031 560 3085 monstra
576 3024 722 3086 conclusit
737 3026 839 3097 domo,

138 3109 294 3186 promittat
309 3107 399 3170 ullam
416 3109 532 3170 casibus
549 3112 656 3200 nostris
672 3130 768 3190 opem.

207 3277 241 3327 98
259 3292 382 3341 speous
401 3281 433 3328 oi.
446 3279 522 3328 NHr.
546 3276 558 3345 ii
582 3281 630 3330 102
648 3280 790 3346 pudorque
803 3297 824 3331 ω
841 3282 972 3347 pudorne
986 3281 1035 3333 Bo.
1049 3278 1058 3344 ΙΙ

137 3346 187 3394 111
206 3346 318 3394 mistum
337 3346 427 3403 choris
446 3348 471 3395 A
491 3348 604 3397 mixtam
624 3349 722 3399 choros
740 3348 766 3398 E
783 3366 851 3402 corr.
872 3349 951 3401 Gron.
972 3345 984 3415 Η
1009 3350 1058 3398 114

136 3411 329 3462 adiudicatum
352 3414 377 3463 A
408 3414 586 3465 adiudicatae
610 3417 653 3466 eli
681 3413 693 3484 ΙΙ
724 3419 771 3466 121
797 3417 875 3467 efferi
898 3431 1012 3467 saeuum
1031 3416 1056 3465 A

134 3479 253 3530 efferum
272 3482 351 3530 saeui
369 3481 395 3530 E
410 3477 422 3548 l]
440 3484 488 3532 125
507 3482 611 3533 leuare
629 3486 661 3536 ci.
682 3485 757 3536 NHr.
771 3481 782 3549 ΙΙ
801 3487 848 3535 127
868 3483 1031 3533 conduritE
1048 3480 1058 3549 ΙΙ

134 3550 186 3600 128
199 3548 344 3612 promittet
356 3548 404 3599 ER
422 3551 566 3615 promittat
579 3552 602 3600 A
627 3549 639 3617 ΙΙ
