2536 4046
479 317 678 367 PRAEFATIO
962 321 1055 369 XXIII

103 496 177 554 quac
191 478 276 535 uerba
293 477 494 551 transponendo
516 478 549 533 ad
565 486 681 534 metrum
696 478 820 552 redigere
836 478 984 537 studebant
1000 480 1056 536 edi·

106 574 182 620 tores
203 563 273 620 maie
293 570 385 620 tamen
407 562 585 637 prouidentes
607 562 784 620 concinnitati
805 570 968 622 structurae.
1006 566 1056 621 Ve-

102 666 168 704 rum
189 648 312 706 ostendit
335 647 409 702 1113
430 649 477 721 qui
497 647 614 704 uocibus
635 655 667 703 ut
692 650 850 722 saepissime
880 649 1055 722 transpositis

104 735 159 789 boc
180 732 306 807 praebet:
330 750 352 788 s.
375 749 401 787 u.
426 731 517 788 ierues
532 749 604 806 quos
623 731 648 787 ii.
672 749 709 794 a..
733 733 807 806 quod
828 731 882 789 leui
904 734 1055 790 mutatione

103 817 148 875 sic
174 817 346 874 emendatur:
369 834 391 872 s.
413 834 439 872 u.
468 833 538 891 epuns
568 818 689 873 iurens
719 816 744 872 u.
772 835 796 873 a.
842 817 928 873 Simili
950 821 1056 875 ratione

103 902 201 958 multis
216 902 284 959 locis
306 919 337 957 ea
352 900 412 958 solo
428 901 456 956 R
467 905 503 957 13
523 903 669 975 genuinam
690 903 852 975 scripturam
875 903 1055 960 restituimus.

104 987 152 1043 Sic
167 1005 194 1044 u.
210 986 251 1044 50
266 985 306 1042 ira
320 987 379 1059 pori
396 983 470 1059 (odio
486 1004 513 1060 p.
531 985 566 1058 A)
597 987 659 1045 260
675 986 739 1063 iusti
755 986 865 1061 coniugi
881 986 979 1059 (nostri
992 1005 1057 1044 con·

104 1072 180 1144 iugis
194 1070 230 1143 A)
259 1070 321 1128 408
342 1071 461 1127 numinis
481 1073 573 1144 magni
589 1071 638 1127 dea
660 1069 790 1143 (nominis
806 1071 841 1143 A)
873 1072 932 1129 149
954 1072 1013 1128 dira
1028 1081 1057 1128 et

105 1155 169 1220 sitis
185 1154 253 1227 (dira
269 1156 329 1211 sitis
345 1155 373 1210 R
380 1159 416 1211 13
429 1155 481 1211 diri
497 1156 559 1211 sitis
574 1156 600 1212 A
614 1172 686 1212 cerr.
703 1155 733 1211 N.
750 1155 853 1228 Heius.)
885 1156 943 1216 701
962 1156 1055 1213 infelix

104 1257 161 1296 uox
181 1238 210 1310 (i.
226 1257 289 1296 mox
303 1239 338 1311 A)
369 1240 429 1298 798
446 1241 577 1297 attonitas
592 1238 737 1313 (attonitus
752 1239 788 1308 A)
820 1240 879 1297 141
897 1240 980 1297 residi
1002 1239 1056 1313 (re-

106 1324 164 1380 sedi
180 1324 215 1395 A)
238 1341 362 1398 quaeque
378 1333 443 1381 sunt
458 1325 519 1380 alia.
555 1324 608 1381 Sed
622 1327 646 1381 is
663 1325 710 1398 qui
726 1324 753 1380 b
762 1329 797 1380 13
824 1327 946 1381 exarauit
961 1343 1056 1399 qoam·

107 1426 188 1482 quam
209 1409 241 1464 de
257 1426 308 1465 suo
331 1409 397 1465 nibil
422 1409 556 1465 addidisse
577 1425 628 1465 uec
649 1410 795 1481 quiequam
816 1410 913 1465 uniens
935 1417 1056 1466 mutasse

107 1492 267 1549 iudicandus
290 1501 333 1550 est
356 1502 446 1550 tamen
469 1509 530 1549 cunr
553 1501 627 1549 tanta
647 1490 732 1548 iuerit
754 1492 860 1549 inscitia
878 1501 1007 1567 tantaque
1028 1496 1056 1550 iu

106 1576 252 1634 scribendo
268 1594 335 1634 usus
347 1579 384 1634 sit
399 1578 576 1651 indiligentia,
592 1586 624 1633 ut
636 1594 769 1651 persaepe
783 1580 946 1652 scripturam
964 1580 1057 1636 arche·

106 1664 166 1736 typi
187 1664 273 1735 magis
301 1663 430 1719 uitiosam
452 1663 578 1719 redderet
605 1680 637 1719 ac
663 1662 837 1737 deprecatam
864 1680 943 1736 quam
971 1664 1055 1719 ceteri

105 1746 184 1803 iibri:
208 1747 306 1803 borum
323 1747 356 1802 ad
372 1747 609 1819 subsidiumvbaud
626 1764 687 1803 raro
704 1747 896 1822 refugiendum
912 1755 961 1803 est.
1000 1748 1056 1805 1111·
1156 1752 1159 1756 ’

105 1834 151 1887 ius
171 1839 260 1887 autem
282 1834 392 1905 generis
413 1841 522 1905 praeter
543 1840 650 1889 ceteros
672 1832 807 1888 enceilnnt
823 1833 1055 1889 Loudiuensis

104 1915 372 1990 Rebdigeranus
393 1933 420 1971 n.
443 1916 482 1972 12
505 1916 746 1988 Lugdunensis
768 1916 807 1989 (B
822 1916 894 1971 1³12
910 1916 955 1988 C),
984 1934 1056 1991 quos

104 2017 163 2057 non
179 2000 269 2057 solum
284 2000 379 2056 muitis
393 2001 462 2057 lueis
478 2017 539 2057 cum
554 2001 626 2056 1113
640 2001 797 2057 consentire
818 2001 943 2057 uidemus
959 2018 1056 2057 nerum

105 2085 187 2141 etiam
204 2085 276 2142 haud
292 2087 330 2140 ita
345 2102 422 2148 raro,
444 2085 490 2141 nbi
508 2093 536 2142 et
552 2085 598 2142 iiie
614 2093 642 2141 et
657 2087 740 2142 ceteri
758 2092 884 2158 peccant,
908 2086 984 2141 soios
1000 2088 1056 2158 pri·

105 2171 207 2226 stiuam
221 2170 385 2244 scripturam
398 2185 517 2226 seruare.
540 2170 652 2227 Minoris
664 2169 696 2226 ad
709 2169 846 2226 Octauiam
862 2170 1056 2226 emendandam

105 2254 238 2311 momenti
260 2262 338 2310 erant
354 2254 503 2311 Gotbani
520 2253 803 2312 vindobonensis
819 2254 1055 2328 Rebdigeraui

108 2339 148 2396 10
164 2347 192 2395 ct
209 2338 258 2395 11.

64 2505 83 2565 1
171 2509 331 2564 Transimus
347 2506 380 2563 ad
395 2507 578 2564 recensendos
594 2514 622 2562 et
638 2504 832 2563 describendos
849 2507 993 2578 utriusque
1009 2521 1056 2578 ge·

104 2594 181 2648 neris
202 2592 311 2649 codices
332 2608 381 2648 eos
403 2608 519 2665 quorum
540 2591 639 2648 auxilio
661 2593 688 2647 io
710 2590 884 2647 emendandis
907 2591 1056 2665 tragoediis

104 2679 149 2734 usi
165 2693 269 2732 sumus.
299 2676 419 2733 Alterius
435 2675 483 2749 (E)
499 2678 608 2749 generis
624 2677 745 2732 bisunt:

7 2758 79 2817 rau.
170 2759 366 2836 Excerpte
385 2758 564 2819 thuanea.
607 2761 697 2817 Codex
719 2760 855 2816 tbuaueus
876 2762 894 2815 i.
911 2777 934 2817 e.
956 2759 1056 2817 Parisi-

103 2863 157 2903 nus
174 2861 201 2900 n.
218 2845 299 2903 8011
322 2845 436 2902 membr.
452 2845 510 2901 inii.
529 2845 567 2902 61
590 2846 693 2902 iormae
715 2847 844 2901 maximae
867 2861 935 2901 saec.
958 2862 991 2901 1x
1012 2862 1055 2901 ex.

103 2930 150 2987 uel
165 2948 187 2986 x
208 2933 245 2988 iu.
262 2929 381 3003 scriptus
403 2929 595 3002 (1111111111
615 2948 658 3004 ap.
675 2929 704 2985 L.
721 2929 892 2987 Scinvabium
915 2932 942 2984 in
958 2928 1055 2985 Catulli

103 3015 193 3090 praei.
214 3031 240 3072 11
261 3013 344 3086 16).
388 3015 424 3071 iic
444 3015 497 3070 hoc
517 3014 587 3071 libro
609 3023 717 3088 praeter
738 3014 806 3070 aiios
828 3015 957 3088 exposuit
977 3013 1004 3070 C.
1026 3016 1054 3070 B.

103 3100 204 3156 Hasius
220 3101 248 3155 in
264 3099 349 3173 praei.
364 3099 392 3155 1.
402 3098 431 3154 G.
439 3098 636 3155 Schneidewini
653 3097 1054 3173 1111111111111111111111111.

103 3182 179 3252 Quae
202 3183 262 3240 1111.
279 3183 318 3241 57
342 3183 381 3241 58
408 3185 585 3240 continentur
606 3192 731 3258 excerpta
753 3201 785 3240 er
804 3183 923 3241 Senecae
943 3184 1055 3241 Troadi-

102 3269 156 3326 bus
172 3269 265 3325 Medea
280 3266 383 3342 Oedipo
406 3285 436 3325 ea
453 3270 657 3326 accuratissime
673 3269 809 3342 descripta
829 3272 983 3343 accepimus
1005 3269 1054 3324 11.

102 3353 277 3411 iiuebneri
292 3352 492 3410 beneuolentia.
520 3353 557 3410 lix
573 3353 671 3427 quibus
686 3354 815 3428 quoniam
827 3371 913 3427 pauca
929 3356 955 3409 in
972 3352 1055 3407 adno-

101 3439 209 3495 tatione
229 3439 326 3495 critica
348 3440 545 3496 conmemorari
567 3445 709 3513 poterant,
736 3446 793 3496 tota
808 3437 938 3494 hocloco
954 3437 1055 3492 descri-

101 3523 191 3580 benda
206 3525 374 3581 curauimus.
397 3524 469 3582 Haec
483 3523 698 3581 autemiiuuodii
714 3522 916 3598 epigrammatis
932 3519 1056 3578 subiecta

99 3608 247 3682 leguntum
