2544 4046
517 228 695 277 rurnsrns
764 232 768 237 ·
1022 213 1064 278 95

144 373 170 434 si
186 389 253 431 cum
271 370 345 429 meis
359 368 489 448 gaudere
505 367 584 429 lelici
600 369 696 429 datur.

106 475 125 524 b
189 470 268 514 Ara.
296 453 351 513 llic
366 471 431 515 esse
447 460 531 513 natos
546 453 635 515 crede
650 455 679 513 in
695 451 833 530 amplexu
849 455 974 530 patris..
1079 470 1131 520 980

64 560 67 566 ·
143 541 195 600 hic
216 547 285 600 sunt
301 546 448 617 eruntque
464 536 544 597 nulla
560 556 629 616 pars
645 537 738 615 prolis
754 548 820 599 tuae

134 623 199 687 ‚ribi
215 621 415 684 subtrahetur.
444 639 496 682 ora
514 640 591 700 quae
607 630 729 699 exoptas
744 622 821 682 dabo

101 718 129 775 t'
186 708 355 786 Totumque
369 705 457 767 turba
474 707 532 767 iam
548 724 601 767 sua
616 704 738 784 inplebo
753 715 870 784 patrem

143 793 315 862 satiaberis,
332 810 369 851 ne
386 800 493 852 metue.
522 809 600 851 nunr
616 792 700 851 mixti
714 793 788 851 meis

143 877 273 939 iucunda
288 893 411 937 mensae
427 893 510 936 sacra
526 875 663 936 iuuenilis
679 874 789 944 colunt,

66 984 69 990 ·
145 963 196 1023 sed
213 962 374 1022 audientur.

96 1053 136 1113 b'‘
398 1042 542 1105 Pacuium
558 1044 655 1104 inlusa
672 1061 745 1122 cape

145 1129 256 1209 gentile
272 1129 395 1190 baccho.

144 1229 226 1275 rur.
433 1214 517 1292 capio
533 1213 681 1273 fraternae
697 1212 780 1291 dapis

144 1300 265 1359 dunum,
292 1300 424 1376 paternis
439 1299 508 1358 uina
524 1296 653 1357 libentur
670 1297 740 1365 deis

144 1395 217 1445 tunc
232 1384 417 1443 hauriantur.

107 1502 124 1536 c
456 1465 512 1526 Sed
530 1466 617 1543 quid
634 1464 720 1525 boel
736 1464 840 1525 nolunt
856 1482 962 1526 manus

142 1571 261 1631 parere,
279 1552 385 1612 erescit
400 1551 517 1631 pondus
533 1559 563 1610 et
578 1550 711 1610 dextram
728 1558 843 1628 grauat.
978 1586 983 1591 -
1076 1568 1128 1619 990

142 1637 282 1697 admotus
296 1637 367 1715 ipsis
382 1634 514 1697 bacchus
529 1654 545 1695 a
562 1633 653 1694 labris
670 1635 743 1711 [ugit

143 1722 282 1800 circaque
296 1722 391 1780 rietus
408 1737 461 1780 ore
477 1720 601 1798 decepta
618 1720 682 1779 iluit

142 1816 172 1866 et
188 1807 250 1883 ipsa
267 1805 384 1883 trepida
400 1822 501 1865 mensa
514 1803 651 1864 subsiluit
667 1803 740 1864 sola.

143 1891 195 1950 uix
211 1889 290 1949 lueet
305 1892 389 1967 ignis.
418 1890 482 1967 ipse
496 1889 568 1968 quin
584 1889 687 1949 aether
703 1889 803 1966 grauis

141 1977 219 2035 inter
236 1975 314 2034 diem
331 1981 509 2052 noctemque
525 1972 660 2033 desertus
675 1981 781 2049 stupet.
1076 1991 1127 2039 995

104 2070 130 2127 θ’
167 2059 282 2136 ,Quid
304 2058 391 2119 boni
412 2059 506 2135 magis
521 2058 672 2136 magisque
688 2059 824 2117 concussi
840 2056 940 2118 labant

141 2162 275 2204 connexa
292 2141 373 2212 caeli,
389 2144 513 2220 spissior
528 2141 627 2202 densis
642 2143 701 2203 coit

141 2228 238 2303 caligo
255 2226 386 2288 tenebris
402 2245 522 2305 nuxque
537 2245 569 2287 se
585 2228 615 2285 in
631 2235 749 2286 noctem
765 2224 888 2286 abdidit.

140 2313 218 2390 lugit
233 2331 321 2372 omne
337 2312 428 2373 sidus.
457 2310 597 2389 quicquid
613 2319 657 2371 est
673 2311 756 2371 fratri
772 2327 881 2388 precor

140 2399 296 2475 gnatisque
311 2406 428 2475 pareat,
445 2395 541 2455 omnis
556 2397 585 2454 in
603 2393 661 2455 uile
675 2394 732 2454 hoc
747 2401 835 2471 caput

140 2481 228 2542 abeat
243 2480 382 2559 procella.
409 2479 502 2540 redde
518 2481 575 2539 iam
592 2487 698 2557 gnatos
713 2477 794 2539 mihi.

139 2580 217 2625 aru.
245 2565 365 2625 reddam
383 2576 412 2625 et
427 2563 479 2623 tibi
494 2563 560 2623 illos
575 2562 672 2623 nullus
688 2564 795 2640 eripiet
809 2561 881 2623 dier.

111 2657 128 2677 ''
186 2663 266 2709 THY.
294 2648 382 2718 Quis
398 2649 456 2708 hic
471 2648 616 2708 tumultus
631 2650 745 2707 uiscera
761 2649 890 2725 exagitat
904 2647 988 2709 meai

139 2734 212 2813 quid
228 2735 349 2794 tremuit
363 2734 462 2793 intus?
484 2736 579 2793 sentia
596 2734 739 2811 inpatiens
755 2751 831 2793 onus

137 2837 300 2898 meumque
316 2818 426 2895 gemitu
442 2835 501 2877 nun
518 2836 584 2878 mea
599 2823 702 2894 pectus
718 2818 817 2895 gemit.

137 2904 251 2970 adeste,
268 2905 339 2963 nati.
367 2903 483 2981 genitor
499 2901 602 2963 inlelix
617 2910 712 2961 uocat.

136 2987 240 3047 adeste
256 2989 328 3049 uisis
343 2987 435 3064 lugiet
450 2987 499 3047 bic
515 2986 601 3047 uubis
616 2985 710 3046 dolor.
726 3019 769 3030 --

135 3072 218 3132 unde
234 3070 454 3151 obloquuntur?

206 3259 257 3308 982
275 3258 344 3308 hora
362 3272 434 3320 quae
454 3272 522 3310 corr.
541 3273 577 3307 err
593 3257 662 3307 hura
681 3270 752 3321 guae
770 3254 805 3304 Ei
828 3271 878 3306 ora
896 3271 967 3320 quae
986 3256 1011 3304 Α
1033 3253 1044 3323 ΙΙ

134 3379 186 3428 989
205 3392 260 3426 non
278 3376 340 3426 uult
357 3376 382 3425 A
411 3372 475 3426 nolr
490 3375 516 3425 E
544 3373 556 3441 b
585 3377 634 3426 992
654 3332 749 3439 cietque
767 3375 851 3424 rittus
868 3374 893 3423 E
923 3374 1054 3437 circaque

132 3445 261 3495 rietusA
291 3440 303 3511 ΙΙ
332 3444 421 3494 effluit
438 3445 462 3493 Α
486 3443 547 3493 fluit
563 3443 589 3491 E
618 3441 630 3510 {l
658 3440 988 3495 submurmuratum
1008 3443 1056 3503 (aie

132 3512 212 3576 Ru)
203 3508 251 3579 ll]
277 3515 343 3563 1003
361 3510 427 3576 quid
444 3511 469 3560 E
491 3512 551 3576 quis
564 3511 589 3560 Α
614 3509 625 3577 ΙΙ
