2484 4044
206 204 270 269 448
592 217 737 266 rucunr1

209 360 284 419 uotis
300 359 434 436 peperci,
451 357 491 417 nil
507 375 562 435 ego
578 374 595 417 a
611 358 729 436 superis
744 359 805 436 peti

207 441 356 504 incolume
371 450 456 503 nato:
480 442 551 521 quid
566 442 638 503 clare
653 441 813 503 herculeus
829 443 900 503 mihi

208 546 269 589 uon
285 535 402 607 poterat
416 527 524 589 ardori
549 528 614 606 quis
630 527 704 588 deus
719 527 877 606 quidquam
894 528 972 589 mihi

208 628 319 690 negare
334 612 468 691 poterat?
490 620 559 673 uota
575 614 605 671 in
621 611 678 672 hac
693 612 811 674 lucrant
824 629 935 672 mauu:

209 696 351 775 quicquid
367 704 490 776 negaret
503 696 637 776 luppiter
653 696 738 758 daret
753 695 903 757 Hercules.

208 781 278 860 quid
294 781 353 843 tale
367 783 503 858 genetrix
518 781 577 842 ulla
594 780 727 842 mortalis
744 780 827 842 tulit?

210 865 331 928 defleuit
345 865 441 946 aliqua
457 874 552 927 mater
568 874 597 927 et
611 873 674 926 tcto
690 867 771 927 stetit

209 952 322 1013 succisa
337 951 399 1012 letu
414 950 520 1030 bisque
535 961 675 1031 septenos
689 968 778 1030 rogos

209 1034 361 1113 deplanxit
374 1054 448 1096 una:
474 1035 615 1114 gregibus
630 1037 751 1115 aequari
766 1053 849 1097 meus

213 1129 284 1198 quot
298 1118 347 1180 ille
363 1121 496 1198 peterat?
519 1120 664 1182 matribus
679 1121 796 1180 miseris
810 1119 906 1197 adhuc

211 1203 363 1284 exemplar
377 1206 482 1282 ingens
498 1205 597 1274 derat,
615 1204 754 1266 Alcmene
770 1203 857 1266 dabo.

211 1299 325 1351 cessate
339 1296 463 1361 matres,
480 1291 616 1367 pertinax
631 1291 656 1351 si
671 1308 745 1369 quas
760 1289 845 1349 dolor

211 1375 307 1435 adhuc
323 1374 405 1435 iubet
419 1373 522 1453 lugere
537 1392 611 1453 quas
626 1374 723 1435 luctus
739 1376 839 1450 grauis

211 1461 240 1520 in
256 1477 327 1519 saxa
341 1461 440 1520 uertit.
472 1459 568 1520 cedite
582 1459 629 1520 his
645 1467 768 1520 cunctae
783 1457 878 1520 malis.

212 1543 338 1620 agedum
354 1542 446 1605 senile
461 1552 565 1622 pectus
580 1563 598 1604 ο
614 1545 739 1606 miserae
755 1561 859 1605 manus

211 1627 337 1708 pulsate.
367 1636 439 1689 tune
453 1628 550 1689 funeri
565 1636 646 1690 tanto
662 1636 707 1691 sat
722 1648 755 1691 es

211 1713 378 1792 grandaeua
395 1730 469 1774 anus
484 1712 600 1775 delecta
615 1732 703 1792 quam
720 1721 797 1774 tutus
813 1712 899 1774 breui

210 1798 269 1857 iam
285 1805 407 1876 quaeret
422 1798 521 1858 orbis?
545 1797 651 1877 expedi
666 1800 696 1858 in
711 1797 847 1877 plauctus
863 1805 962 1858 tamen

211 1881 326 1943 defessa
343 1899 521 1963 quamquam
538 1882 687 1944 bracchia.
717 1882 858 1943 inuidiam
874 1891 907 1943 ut
920 1881 986 1944 deis

211 1966 340 2045 lugendo
356 1966 461 2038 iacias,
476 1967 589 2028 aduoca
604 1970 635 2028 iu
650 1967 787 2047 planctus
801 1984 903 2045 genus.

492 2144 646 2196 CHORVS.
669 2148 847 2197 ALOMENA.

341 2236 446 2319 Flete
466 2237 666 2299 Alcmenen

297 2324 495 2401 magnique
509 2323 611 2384 louis
626 2322 755 2404 plangite
771 2331 872 2384 natum

282 2493 348 2543 1848
371 2491 457 2542 nichil
477 2492 502 2541 E
524 2492 563 2542 nil
582 2494 607 2544 A
622 2488 637 2559 ss
652 2492 718 2542 1849
737 2491 802 2556 quid
820 2492 845 2542 A
868 2493 932 2562 ql«)
947 2487 960 2558 l}
978 2494 1046 2544 1850
1067 2494 1140 2546 deus

213 2559 382 2623 etquidem.
403 2556 451 2626 ΕΙΙ
464 2561 529 2611 1853
548 2561 674 2625 genetrix
686 2575 734 2610 om.
747 2559 773 2609 E
783 2555 797 2625 fl
808 2574 863 2609 una
881 2561 907 2610 Ε
924 2560 984 2610 ulle
1003 2562 1028 2611 A
1040 2557 1053 2628 ΙΙ
1069 2565 1141 2614 1855

213 2628 279 2678 fletu
298 2626 322 2674 Ε
339 2628 418 2677 foetu
436 2628 462 2677 A
484 2622 496 2693 Η
520 2629 620 2693 uixque
639 2620 665 2677 Ε
682 2626 780 2692 bisque
797 2628 823 2677 A
840 2624 852 2694 ΙΙ
875 2643 974 2694 greges
993 2646 1016 2679 ω
1034 2632 1140 2695 gregis

213 2694 350 2744 LMueller
367 2710 469 2759 rogos
487 2699 583 2760 scripsi
592 2692 605 2763 1]
617 2697 683 2747 1856
702 2694 849 2745 Decleusit
861 2696 887 2746 Ε
905 2695 1061 2761 Deplenxit
1073 2701 1101 2748 A
1123 2700 1137 2759 ll

215 2776 336 2825 coquere
349 2761 373 2810 Ε
392 2765 508 2827 aequari
519 2765 545 2814 A
556 2761 569 2828 ΙΙ
581 2779 658 2814 meus
674 2765 722 2816 εΑ
741 2763 810 2812 meis
827 2772 851 2825 ψ
863 2760 875 2829 ΙΙ
888 2765 953 2814 1857
973 2764 1047 2826 Quid
1066 2765 1138 2817 ille?

215 2828 1138 2899 mmmmmwmmmmfflmmffl

215 2905 317 2949 etune
335 2916 357 2949 ω
387 2906 421 2949 et
439 2914 465 2949 u.
484 2900 535 2953 Bo.
566 2915 606 2950 en
618 2916 644 2950 u.
659 2901 735 2954 Nun.
765 2899 875 2963 pulsate
894 2906 923 2950 et
940 2898 1054 2951 ubera.
1076 2902 1138 2953 fun.

216 2967 269 3017 Gli.
287 2968 382 3032 scripsi
399 2974 474 3019 tune
487 2995 520 3003 -
533 2964 592 3034 esll
610 2970 676 3019 1864
694 2982 791 3017 manus
811 2967 835 3017 Ε
855 2981 923 3017 enne
942 2968 967 3017 A
979 2964 991 3034 ΙΙ
1008 2984 1093 3032 quem
1110 2969 1138 3019 E

215 3034 287 3099 quod
305 3036 331 3086 A
346 3031 358 3101 ss
375 3036 453 3087 breui
470 3037 518 3087 eA
536 3036 630 3087 breuis
647 3032 758 3100 qfflp)
777 3032 789 3101 ΙΙ
806 3036 872 3086 1865
888 3036 949 3085 Iam
973 3042 1091 3099 quaeret
1113 3054 1136 3087 ω

215 3101 287 3165 quod
307 3107 326 3153 t.
346 3103 374 3153 b.
404 3105 558 3169 Anquiret
583 3104 662 3155 Gran.
694 3119 775 3169 quam
793 3106 812 3157 t.
831 3104 858 3157 b.
878 3102 1038 3168 Sequetur
1056 3104 1135 3156 NHr.

214 3172 279 3220 conl.
290 3187 314 3223 u.
327 3172 376 3221 ⁷62
395 3173 526 3223 delecte?
537 3174 598 3221 iem
611 3176 632 3225 t.
644 3172 671 3222 b.
685 3172 832 3234 Queretur
845 3171 899 3222 GR.
913 3170 988 3235 quod
999 3176 1020 3220 t.
1034 3171 1061 3221 b.
1074 3172 1136 3222 Iam
1223 3196 1224 3215 i

214 3237 318 3304 ploret
335 3239 472 3291 LMueller
483 3237 494 3306 l]
507 3241 573 3291 1866
591 3241 618 3291 b.
637 3244 668 3290 ut
685 3239 821 3289 inuidiam
838 3239 890 3290 ΕΑ
907 3239 934 3289 b.
952 3238 1087 3289 inuidiam
1105 3245 1136 3290 ut

215 3305 242 3356 d.
261 3305 428 3358 Scriuern'ana
448 3305 460 3375 Η
484 3309 550 3359 1867
569 3309 676 3359 eduoce
694 3312 725 3357 ut
743 3308 772 3357 in
789 3307 920 3373 planctus
938 3306 964 3357 Ε
983 3307 1093 3358 aduoca
1106 3309 1135 3357 iu

215 3374 357 3440 planctum
368 3377 394 3426 A
411 3372 423 3442 ss
439 3374 650 3427 ALOMENAR
667 3373 843 3426 ALOMENA
856 3374 950 3426 SOLA
963 3391 982 3425 α
999 3374 1134 3426 Planctus

215 3441 366 3492 Alcmenae
386 3443 408 3492 θ
424 3444 488 3493 haec
504 3458 551 3492 om.
570 3442 596 3491 Ε
607 3452 631 3506 ψ
642 3439 655 3508 Η
668 3441 812 3492 OHORVS
828 3444 926 3493 addidi.
939 3438 951 3507 ΙΙ
963 3443 1030 3493 1868
1049 3440 1135 3495 ΟΗΟ.

326 3511 350 3558 A
372 3504 385 3573 ΙΙ
408 3509 551 3558 alcmenae
570 3509 595 3559 Ε
613 3510 765 3559 Alcmenen
782 3511 808 3560 A
831 3506 843 3573 ll
