2504 4040
145 234 210 300 280
428 250 459 297 n.
475 248 610 297 numani
626 248 784 296 sennenn

117 389 144 450 b'
274 389 317 449 Et
333 397 369 450 tu
385 407 478 467 quae
494 389 603 467 gemini
619 389 738 465 praeuia
755 389 897 465 temporis

231 475 315 534 tarde
331 471 415 534 slella
431 473 511 534 redis
526 490 645 550 semper
660 472 844 534 amantibus:

231 567 259 619 le
275 566 387 619 matres
403 557 506 619 auidae
521 567 549 618 le
565 560 688 636 cupium
703 575 797 618 nurus

231 644 449 723 quamprimum
465 642 566 703 radios
581 660 722 721 spargere
736 640 860 707 lucidos.

112 838 131 871 α
273 811 668 889 Vineiluirgineus'deoor
748 855 755 871 .

228 896 317 975 longe
333 898 487 974 cecropias
496 914 610 968 nurus,

229 989 264 1042 et
279 1000 371 1061 quas
386 981 599 1060 Taygetiingis

229 1073 350 1127 exercet
364 1067 505 1126 iuuenum
521 1065 609 1125 modo

229 1151 323 1211 muris
340 1150 418 1228 quod
435 1158 516 1210 earet
532 1149 675 1227 oppidum

229 1242 263 1295 et
278 1251 368 1313 quas
383 1235 487 1294 eonius
501 1233 578 1295 latex

228 1319 417 1398 Alpheosque
432 1336 517 1380 sacer
532 1318 620 1379 lauat.

275 1488 420 1549 Cedent
434 1490 553 1548 aesonio
570 1488 639 1547 duei

230 1570 273 1653 [si
282 1572 390 1646 forma
404 1576 478 1633 uelit
493 1570 627 1652 auspici]

227 1655 329 1736 proles
344 1654 475 1716 fulminis
490 1655 610 1733 inprobi
666 1650 669 1657 ’

229 1747 307 1821 aptal
324 1741 374 1818 qui
389 1741 455 1819 iuga
472 1740 610 1818 tigribus,

228 1844 284 1886 neo
298 1842 357 1885 non
375 1826 425 1902 qui
440 1825 571 1904 tripodas
587 1832 688 1886 mouel

228 1912 322 1972 lraler
336 1911 459 1988 uirginis
475 1927 612 1988 asperae,

228 1996 335 2056 redet
351 1993 471 2055 Castore
487 2013 554 2054 enm
570 2012 625 2054 suo
704 2055 707 2064 ,

227 2079 330 2140 Pollux
347 2079 494 2141 caestibus
510 2080 616 2157 aptior.

272 2248 321 2308 Sio
337 2249 379 2309 sie
394 2246 550 2308 caelicolae
566 2266 673 2326 precor

228 2335 358 2394 uincal
372 2333 481 2394 lemina
497 2335 652 2410 coniuges,

228 2420 276 2479 uir
290 2416 379 2496 longe
395 2425 547 2496 superet
564 2420 654 2478 uiros.

225 2754 300 2815 haeo
316 2773 382 2815 eum
401 2755 527 2815 leminea
543 2757 675 2815 consiliii
691 2756 720 2814 iu
737 2755 844 2814 olroro:

226 2840 313 2900 unius
329 2839 421 2900 iacies
437 2840 583 2915 praenilel
598 2839 746 2900 omnibns.

270 3007 329 3068 Sir
344 3026 412 3069 eum
428 3005 490 3067 sole
505 3009 582 3084 peril
596 3008 730 3068 sidereus
746 3009 835 3068 deror

226 3099 255 3152 et
269 3091 353 3152 densi
367 3091 481 3153 latitant
495 3090 646 3153 Pleiadum
662 3110 782 3171 greges,

208 3262 241 3311 77
260 3265 288 3311 el
306 3275 377 3325 quae
396 3262 421 3311 Α
440 3265 468 3311 et
487 3274 588 3326 quase
608 3257 619 3328 ll
640 3263 673 3313 78
692 3265 823 3312 exercent
842 3262 866 3310 A
886 3266 998 3312 exercet
1015 3274 1028 3311 ε
1044 3256 1054 3325 ΙΙ

139 3330 172 3381 82
188 3336 249 3394 pori
266 3346 292 3378 u.
305 3331 338 3380 83
355 3331 448 3393 lepitur
464 3330 490 3377 in
509 3329 546 3388 A,
565 3330 613 3379 boo
630 3332 686 3379 loro
704 3333 729 3377 ln
742 3329 774 3388 E,
794 3331 946 3380 delenirem
963 3330 1027 3379 R.P·
1047 3330 1054 3391 ll

138 3399 172 3448 90
196 3397 328 3464 solicolae
347 3396 372 3445 E
395 3393 459 3459 (liu.
479 3397 535 3445 ieol
558 3413 574 3445 a
596 3414 627 3448 m.
647 3401 663 3445 2
681 3400 706 3446 ia
724 3397 795 3459 ras.)
824 3393 835 3463 ΙΙ
864 3398 897 3447 92
919 3396 1001 3461 longe
1024 3401 1055 3445 ut

138 3469 252 3529 superat
269 3465 309 3514 ΛΕ
326 3463 408 3529 longe
428 3466 540 3528 superet
557 3465 598 3514 Αε
609 3460 621 3529 ΙΙ
633 3467 666 3515 93
683 3467 797 3514 lacunam
814 3466 904 3515 statuit
919 3464 985 3514 R.P.
998 3460 1055 3523 1194

137 3533 219 3582 nnius
236 3532 262 3581 E
280 3530 365 3597 (prino
382 3547 401 3582 u
418 3533 444 3582 in
461 3526 598 3598 ror.)1195
616 3531 759 3595 syderibus
778 3534 802 3581 Α
823 3532 947 3583 sidereus
964 3531 990 3580 E
1012 3527 1024 3598 ΙΙ
