2504 4040
230 232 293 296 222
512 249 542 296 o.
562 247 693 295 Annam
710 246 867 294 sunnone

231 406 310 448 nune
325 386 417 447 redde
432 387 561 464 Agauen.
593 386 690 446 anime
707 386 776 464 quid
794 394 919 446 mortem
936 386 1042 447 times?

231 491 312 533 mors
327 474 515 533 innocentem
532 471 592 531 sola
609 473 746 532 fortunae
761 471 871 549 eripit'

198 582 213 615 e
274 557 353 618 Haeo
369 557 446 616 latus
462 564 541 635 aptat
555 558 667 633 inpiam
684 554 789 633 capulo
808 573 943 625 manum,

231 659 391 719 ensemque
408 641 498 701 ducit.
529 641 642 700 <itane?
665 649 723 700 tam
740 642 854 716 magnis
870 639 978 701 breues

229 744 341 805 poenas
357 724 521 786 sceleribus
536 725 658 786 soluis
674 733 761 803 atque
777 742 837 785 uno
853 725 951 785 omnia

230 810 368 889 pensabis
383 810 462 870 ictui
485 811 626 869 moreris:
649 810 707 869 hoe
722 811 799 886 patri
814 818 859 870 sat
874 819 930 870 est.

230 896 300 975 quid
317 894 422 954 deinde
439 896 539 963 matri,
558 894 626 972 quid
643 894 719 955 male
735 896 765 954 in
781 893 877 955 lueem
894 895 978 954 editis

230 982 340 1058 gnatis,
358 979 428 1058 quid
445 981 500 1055 ipsi
516 996 591 1056 quae
607 987 689 1039 tuum
705 996 810 1056 magna
827 979 880 1038 luit

230 1064 327 1125 scelus
343 1066 428 1123 ruina
445 1063 536 1123 flebili
552 1065 665 1140 patriae
681 1063 782 1123 dabis?

197 1153 219 1208 ε’
273 1148 463 1208 Soluendo
479 1164 538 1207 non
555 1167 594 1208 es.
626 1146 675 1208 illa
690 1167 765 1226 qtrae
781 1147 862 1224 leges
877 1155 957 1208 ratas

230 1242 334 1293 natura
350 1234 378 1291 in
394 1250 454 1292 uno
471 1234 560 1292 uertit
576 1231 726 1310 Oedipoda
743 1250 838 1292 nouos

230 1324 384 1378 conmenta
401 1325 517 1395 partus,
535 1316 677 1396 supplicis
692 1317 794 1377 eadem
812 1316 884 1376 meis

229 1411 365 1463 nouetnr.
397 1403 505 1462 iterum
522 1403 624 1462 uiuere
640 1409 727 1480 atque
744 1403 850 1461 iterum
866 1402 942 1460 mori

228 1486 316 1547 liceat
333 1489 448 1546 renasci
465 1503 599 1563 semper,
617 1495 649 1547 ut
664 1487 772 1546 totiens
787 1504 863 1546 noua

229 1571 374 1649 supplicia
389 1571 510 1650 pendas.
542 1578 625 1631 utere
640 1572 759 1647 ingenio
776 1572 873 1631 miser.

229 1651 307 1735 quod
324 1674 412 1734 saepe
428 1655 491 1715 lieri
508 1672 567 1715 non
583 1663 680 1733 potest
695 1656 744 1715 fiat
759 1657 819 1715 diu.

196 1751 213 1800 d
273 1740 352 1799 llors
368 1740 492 1817 eligatur
507 1738 604 1818 longa.
635 1749 791 1819 quaeratur
809 1743 856 1800 uia

229 1843 285 1904 qua
302 1843 357 1886 nee
373 1824 494 1903 sepultis
510 1826 617 1885 mixtus
633 1831 662 1884 et
677 1826 752 1885 uiuis
769 1832 865 1885 tamen

229 1918 383 1987 exemptus
400 1928 492 1970 erres.
524 1928 643 1970 morere
658 1910 708 1970 sed
726 1912 798 1969 eitra
814 1918 937 1986 patrem.

229 1995 376 2054 cunctaris
392 1994 507 2053 anime?
531 1993 644 2055 subitus
660 2013 696 2054 en
713 1993 812 2055 uultus
827 2000 930 2070 grauat

228 2079 367 2156 profusus
383 2078 498 2138 imber
515 2098 549 2139 ae
564 2080 664 2157 rigat
678 2079 748 2138 fletu
765 2096 864 2156 genas.

229 2172 259 2224 et
274 2164 346 2223 llere
362 2164 431 2222 satis
448 2163 509 2223 esti
531 2162 674 2223 haetenus
690 2163 814 2223 fundent
828 2162 924 2223 leuem

229 2248 307 2308 oculi
323 2247 483 2326 liquorem:
507 2248 627 2308 sedibus
643 2248 718 2325 pulsi
734 2249 793 2307 suis

228 2330 363 2394 laorimas
379 2339 550 2410 sequantur.
581 2332 610 2392 hi
626 2332 775 2393 maritales
790 2333 886 2392 statim

229 2417 380 2477 fodiantur
396 2415 497 2476 oeuli'
529 2417 601 2476 dixit
617 2426 704 2496 atque
719 2420 762 2476 ira
780 2417 859 2476 furit.

193 2512 210 2560 b
273 2501 384 2561 Ardent
400 2503 531 2562 minaces
547 2504 613 2579 igne
630 2501 795 2562 truculento
812 2519 904 2579 genae

228 2584 379 2664 [oculique
393 2590 449 2647 utre
464 2605 496 2647 se
510 2589 629 2648 sedibus
643 2593 774 2648 retinent
788 2585 876 2666 sule]

228 2669 374 2730 uiolentus
390 2671 485 2730 audax
501 2671 600 2732 uultus
617 2673 709 2732 iratus
725 2671 809 2731 lerox

227 2761 340 2814 tantum
358 2748 496 2815 eruentis.
529 2757 640 2832 gemuit
655 2764 684 2815 et
699 2755 797 2815 dirum
812 2755 944 2816 lremens

188 2847 191 2853 ’
227 2857 332 2900 manus
349 2841 376 2899 in
394 2858 445 2899 ora
462 2842 554 2899 torsit.
587 2849 616 2900 at
631 2849 734 2901 eontra
751 2848 848 2900 truces

228 2923 304 2985 oeuli
321 2932 467 2985 steterunt
483 2934 513 2985 et
527 2943 609 2985 suam
627 2926 730 2985 intenti
747 2942 867 2985 manum

227 3008 304 3068 ultro
320 3010 493 3070 insecuntur
510 3009 625 3069 uulneri
641 3017 803 3069 occurrunt
819 3027 882 3069 suo.
1164 3020 1204 3068 ott

226 3135 429 3145 ....-.-—..-..

294 3195 343 3244 955
363 3196 463 3260 eripiet
481 3195 505 3243 Ε
517 3191 529 3260 Η
547 3197 595 3245 961
616 3196 676 3259 ipsa
695 3195 720 3243 Ε
731 3191 743 3260 Η
759 3196 808 3244 962
826 3194 928 3245 flebilis
946 3202 969 3258 ψ
986 3190 998 3260 Η
1015 3197 1065 3245 963
1085 3194 1152 3247 Sol·

227 3262 317 3313 uende
327 3278 385 3312 non
399 3266 441 3313 eet
453 3262 503 3312 illa
516 3280 537 3312 ω
555 3262 696 3312 Soluendo
710 3278 763 3312 non
777 3277 819 3314 es,
839 3262 892 3312 Illa
906 3262 978 3312 Grot.
1003 3262 1152 3315 Soluende

226 3346 280 3380 non
294 3332 433 3381 estuita.
445 3331 498 3384 „tiu
510 3326 522 3396 Η
534 3333 584 3381 964
597 3330 741 3393 Oedipoda
755 3331 779 3379 Ε
796 3332 905 3393 Voserp
925 3329 1069 3395 Oedipode
1082 3334 1112 3380 Α
1137 3334 1151 3393 Η

226 3400 274 3448 971
295 3399 353 3459 Que
373 3397 397 3446 Ε
413 3395 425 3463 Η
448 3400 497 3447 972
516 3403 623 3461 portem
642 3397 666 3446 Ε
683 3394 694 3461 Η
712 3400 761 3448 973
780 3413 814 3447 en
832 3397 857 3446 Ε
875 3413 912 3447 an
931 3398 954 3446 Α
974 3395 986 3463 Η
1010 3399 1061 3448 att
1078 3397 1152 3449 Pro·

225 3465 303 3512 fusus
316 3465 369 3525 Εψ
387 3464 521 3513 Perfusus
535 3465 557 3512 A
571 3462 582 3528 Η
594 3467 644 3514 989
663 3462 768 3530 deleniti
780 3467 829 3515 981
843 3465 936 3514 uultus
950 3465 999 3528 Εψ
1017 3470 1113 3516 mutua
1129 3485 1151 3518 α

226 3529 331 3577 multus
350 3532 421 3580 Deir.
434 3527 445 3594 Η
462 3531 512 3578 982
532 3531 653 3579 eruentis
671 3531 720 3593 Ep
739 3536 867 3582 orirentus
885 3533 910 3582 Α
934 3530 945 3597 Η
