2536 4046
214 231 257 295 22
415 230 419 237 ’
495 247 526 294 n.
542 247 677 294 ANNAEI
693 246 848 294 snuncau

215 387 358 466 sparsisse
375 387 472 446 crines
486 404 541 447 nec
557 403 646 447 manu
662 385 743 447 molti
757 385 855 447 leuem

216 471 335 532 uibrare
351 470 494 551 thyrsum,
512 490 578 531 curn
595 489 700 546 parurn
717 471 786 531 iorti
801 471 895 548 gradu

215 574 288 616 auro
304 556 446 616 decorum
462 572 559 635 syrma
574 555 731 616 barbarico
748 556 845 616 trabit.

213 648 282 720 post
297 639 387 700 multa
404 643 498 701 uirtus
514 658 604 718 opera
620 639 711 700 laxari
727 640 811 700 solet.
1158 664 1207 712 430

173 741 201 806 qo
256 737 333 785 nro.
357 725 546 786 Teuthrantis
562 725 742 801 bociatetur
759 727 856 786 euersi
871 725 985 797 domus',
1171 736 1178 745 '

212 827 416 889 pecorumque
431 812 490 871 ritu
507 812 654 887 uirginum
672 809 807 887 oppressi
823 826 937 888 greges,

213 895 271 955 boc
285 894 362 955 nulia
379 895 452 955 luno
470 895 566 955 nuilus
582 895 764 973 Eurystheus
780 894 869 955 iubet.

213 980 333 1058 ipsius
349 980 422 1041 baec
437 987 505 1039 suut
521 997 641 1057 opera.

211 1076 320 1124 ΑΜΡΗ.
679 1081 737 1123 uon
755 1065 831 1124 nosti
846 1065 951 1125 omnia.

178 1180 195 1229 q
255 1148 379 1226 ipsius
400 1166 494 1226 opus
514 1154 570 1208 est
590 1149 736 1208 caestibus
750 1150 861 1210 fractus
876 1151 937 1211 suis

210 1234 288 1313 Eryx
304 1241 334 1295 et
348 1232 436 1312 Eryci
451 1235 570 1293 iunctus
585 1235 714 1293 Antaeus
729 1232 817 1313 Libys

211 1326 240 1379 et
256 1320 306 1395 qui
321 1316 458 1397 hospitali
474 1317 564 1378 caede
580 1326 734 1377 manantes
751 1317 808 1378 ioci

209 1402 438 1464 bibere-iustum
455 1404 627 1480 sauguinem
644 1401 797 1461 Busiridis.

172 1494 197 1566 q'
252 1487 375 1565 ipsius
390 1506 484 1566 opus
500 1496 556 1547 est
572 1486 688 1547 uulneri
706 1494 734 1546 et
753 1487 833 1546 terro
849 1486 955 1549 obuius

210 1578 336 1632 mortem
353 1578 473 1632 coactus
488 1573 602 1649 integer
619 1572 734 1649 Cycnus
749 1573 819 1649 pati.

210 1675 265 1717 nec
281 1673 357 1715 unus
372 1673 431 1716 una
447 1658 564 1733 Geryon
581 1657 678 1716 uictus
693 1673 790 1715 mauu.
841 1662 843 1666 “

209 1741 268 1801 eris
282 1741 360 1801 inter
375 1741 446 1800 istos
461 1743 512 1818 qui
528 1747 625 1800 tamen
640 1740 721 1800 nullo
737 1750 841 1819 stupro

209 1824 324 1886 laesere
339 1823 493 1887 thalamos.

178 1945 191 1978 r
251 1921 330 1970 nuc.
540 1907 625 1979 Quod
641 1909 704 1969 ioui
719 1909 777 1969 boc
792 1911 856 1987 regi
871 1909 948 1972 iicet.

207 1995 272 2056 loni
287 1992 392 2054 dedisti
408 1995 581 2071 coniugem,
598 1996 661 2071 regi
677 1993 760 2053 dabis

207 2087 236 2140 et
250 2085 280 2153 te
295 2080 435 2157 magistro
453 2096 510 2138 non
528 2096 638 2138 nouum
653 2078 711 2138 hoc
726 2078 820 2139 discet
835 2096 927 2140 nurus

207 2164 295 2226 etiem
311 2165 376 2223 uiro
392 2162 537 2243 probante
556 2161 707 2224 meliorem
724 2164 818 2241 sequi.

207 2250 253 2310 sin
269 2247 401 2335 copulari
415 2250 551 2327 pertines
567 2248 662 2307 taedis
677 2254 773 2326 neget,

207 2332 257 2396 uel
274 2352 308 2394 er
325 2340 425 2393 coacta
443 2332 571 2392 nobilem
587 2340 704 2408 partum
719 2333 825 2391 ieram.

173 2428 194 2485 1·'
250 2430 341 2479 Mtte„
361 2414 489 2479 Vmbrae
507 2416 642 2477 Creontis
658 2425 688 2475 et
702 2424 823 2494 penates
838 2416 968 2479 Labdaci

208 2511 237 2563 et
252 2502 397 2581 nuptiales
412 2503 484 2579 inpii
501 2501 672 2581 Oedipodae
688 2501 767 2561 iaces

207 2605 285 2648 nunc
301 2585 386 2646 solita
401 2593 502 2646 uestro
519 2585 577 2646 sata
593 2587 734 2661 coniugio.
746 2586 821 2646 date.

206 2688 285 2731 nuuc
301 2687 380 2730 nunc
394 2676 533 2730 cruentae
549 2673 627 2746 regis
642 2672 765 2749 Aegypti
781 2687 874 2731 nurus
913 2750 919 2761 ς

272 2891 323 2941 478
349 2889 459 2940 uibrare
477 2889 554 2955 EVap
581 2891 708 2940 uibrosse
727 2890 751 2939 Α
784 2886 796 2955 ΙΙ
827 2890 942 2955 gradum
963 2889 997 2940 V¹
1030 2886 1042 2956 Η
1072 2893 1124 2944 479

203 2959 352 3010 barbarico
370 2957 426 3008 EV
449 2958 627 3008 barbaricum
647 2958 671 3007 Α
706 2954 718 3023 ΙΙ
751 2959 799 3007 481
823 2957 883 3008 Lic'
904 2957 989 3021 (minio
1006 2959 1070 3022 ser.)
1098 2962 1126 3009 V

203 3027 259 3076 LY.
275 3023 336 3075 AE‘
348 3041 395 3089 mg.
409 3041 456 3076 om.
470 3024 503 3075 Εί
522 3023 534 3092 ΙΙ
553 3026 614 3075 Hoc
627 3026 711 3075 euriti
723 3024 774 3075 ΕΑ
794 3025 855 3074 Hoc
867 3026 1005 3076 tentantis
1018 3027 1079 3076 nrt
1088 3031 1123 3077 12
1179 3046 1188 3057 ·

203 3109 250 3157 mg.
273 3093 334 3142 Hoc
352 3097 493 3145 tentantes
509 3095 604 3143 Vltrar'.
622 3094 758 3143 tentantis
781 3096 856 3143 etiem
873 3093 953 3158 Meg„
975 3093 1057 3144 [Par.
1079 3110 1122 3144 re-

203 3162 310 3222 centior,
334 3162 407 3212 Voss.
421 3165 518 3214 metior.
531 3178 600 3212 corr.
613 3162 717 3211 Deiriua
735 3162 797 3211 Hoc
810 3161 901 3211 euntis
918 3163 944 3212 V
962 3157 974 3228 ΙΙ
997 3162 1048 3212 482
1067 3177 1122 3226 que

204 3279 250 3315 om.
268 3264 293 3313 V
314 3260 326 3329 ΙΙ
345 3265 396 3316 483
409 3263 488 3314 nte.
501 3266 576 3315 minio
587 3281 639 3315 aer.
652 3264 701 3313 sed
709 3264 817 3314 deletum
828 3262 864 3313 E¹
887 3258 900 3329 ΙΙ
922 3264 972 3314 tce
986 3236 1045 3315 eryci
1057 3263 1082 3313 E
1099 3260 1112 3344 [1

203 3333 254 3384 487
277 3333 323 3396 qni
340 3348 420 3397 supra
439 3348 538 3384 uersum
559 3334 622 3383 odd.
645 3330 682 3380 V²
709 3327 722 3397 Η
754 3330 919 3396 hospitatem
939 3332 1053 3383 caedem
1071 3347 1122 3380 rnr-

204 3404 303 3450 nentee
321 3400 346 3450 E
373 3399 385 3464 ΙΙ
414 3402 464 3452 490
486 3403 596 3465 integer
615 3414 718 3464 cycnus
735 3399 761 3449 E
786 3404 851 3449 ente
869 3399 1048 3463 GeryonesA
1073 3405 1124 3449 eut

204 3468 345 3532 gerionem
362 3469 388 3518 V
407 3464 419 3536 ss
441 3471 492 3521 498
511 3468 619 3533 quidet
634 3469 658 3518 V
680 3464 693 3534 n
715 3470 763 3519 601
782 3460 913 3518 uestroE
929 3472 1023 3518 nostro
1036 3467 1085 3532 φΑ
1098 3463 1111 3532 11

199 3537 253 3585 soe
272 3538 356 3600 agric
378 3538 426 3587 Vn
447 3534 460 3604 y
