2544 4046
410 274 592 324 aaacvnas
609 260 773 345 [evenus]

133 415 309 476 uirtutis.
332 415 405 476 aiier
420 432 513 476 arma.
545 415 681 475 nincatur
696 432 761 476 mea

135 499 255 561 fortuna
273 500 385 561 dextra.

135 596 238 645 rnna.
420 592 490 646 sunt
505 585 623 664 quidem
639 585 732 663 patris
747 601 852 663 preces

56 725 60 728 ,
136 668 375 741 satisetticaces,
391 670 443 731 sed
458 676 556 729 tamma
573 677 675 729 nostro
690 687 809 748 quoque

135 772 261 815 mouere
276 754 357 814 fletu.

95 846 116 904 i'
388 838 484 916 Surge
499 846 528 898 et
542 838 669 900 aduersa
684 839 795 917 impetu

134 923 292 1002 perfringe
307 921 404 983 solito.
435 940 514 983 nune
530 930 612 983 tuum
629 920 700 983 nutli
716 925 851 1001 inparem

136 1010 270 1069 animum
286 1007 364 1067 maio
379 1025 515 1075 resume,
532 1024 611 1068 nune
627 1025 733 1085 magna
750 1006 803 1068 tibi

136 1094 282 1154 uirtute
302 1092 450 1170 agendum
466 1099 519 1152 est.
543 1091 703 1154 Herculem
718 1094 805 1154 irasci
822 1100 899 1154 ueta.

134 1189 240 1238 Hunc.
272 1178 297 1236 si
313 1178 383 1238 uino
403 1176 461 1237 ieci
475 1175 597 1246 scelera,
613 1178 639 1237 si
653 1177 766 1238 morior
788 1175 850 1238 tuli.

94 1277 116 1326 k
179 1262 314 1339 Purgare
329 1270 425 1322 terras
440 1279 580 1339 propero.
611 1261 783 1322 iamdudum
798 1261 872 1322 mihi

136 1354 304 1407 monstrum
319 1347 433 1423 inpium
450 1362 632 1423 saeuamque
647 1353 677 1405 et
691 1347 794 1405 inmite
809 1364 844 1407 ae
860 1345 957 1408 ferum

137 1430 267 1492 oberrat.
298 1431 423 1509 agedum
439 1430 544 1491 dextra
561 1447 670 1491 conare
686 1430 807 1506 aggredi

136 1517 242 1593 ingens
257 1533 333 1595 opus
348 1515 451 1577 labore
466 1514 586 1575 bisseno
601 1514 735 1593 amptius.
751 1548 792 1561 -

136 1602 250 1680 ignaua
264 1617 362 1661 cessas
377 1600 461 1660 sortis
476 1601 505 1659 in
522 1617 633 1679 pueros
649 1600 736 1660 modo

136 1685 335 1764 pauidamque
349 1685 492 1746 matrem?
514 1703 596 1746 arma
612 1685 668 1744 nisi
683 1684 790 1745 dantur
805 1685 886 1755 mihi,

137 1776 189 1831 aut
204 1787 292 1831 omne
308 1769 393 1830 Pindi
407 1768 519 1829 thracis
534 1768 667 1830 excidam
685 1787 789 1831 nemus

136 1853 308 1931 Bacchique
323 1852 407 1914 lucos
423 1864 454 1914 et
469 1852 654 1916 Cithaeronis
669 1856 736 1932 iuga

136 1956 255 1999 mecum
275 1937 424 1999 cremabo.

456 2022 531 2083 Tota
545 2041 614 2083 eum
629 2022 746 2084 toribus
760 2025 821 2085 suis

137 2106 324 2186 dominisque
340 2114 432 2177 tecta,
448 2125 516 2169 oum
532 2108 595 2169 deis
610 2106 719 2187 templa
735 2107 875 2170 omnibus

137 2189 267 2253 thebana
282 2209 371 2269 snpra
388 2209 496 2271 corpus
512 2194 657 2271 excipiam
673 2211 771 2255 meum

136 2284 227 2354 atque
241 2276 317 2338 urbe
333 2294 420 2337 uersa
436 2277 548 2337 condar
564 2286 593 2338 et
609 2279 633 2336 si
650 2276 779 2338 sortibus

137 2359 205 2422 leue
220 2361 338 2439 pondus
353 2363 465 2422 umeris
479 2363 596 2422 moenia
613 2363 734 2424 inmissa
750 2361 881 2422 incident

136 2454 314 2525 septemque
330 2453 452 2523 opertus
468 2463 527 2506 non
543 2446 614 2507 satis
629 2446 723 2523 portis
738 2462 867 2523 premar,

36 2536 38 2539 '
75 2564 79 2573 «
137 2547 215 2590 onus
230 2547 318 2590 omne
334 2530 430 2591 media
446 2541 533 2610 parte
549 2530 628 2608 quod
644 2531 746 2591 mnndi
762 2528 845 2592 sedet

134 2614 310 2693 dirimitque
324 2631 450 2693 superos
466 2617 496 2674 in
511 2632 612 2676 meum
628 2622 743 2676 uertam
760 2622 858 2694 caput.

206 2868 273 2917 1278
292 2867 362 2919 affer
377 2870 403 2918 V
415 2867 483 2919 effer
495 2865 570 2985 ME
589 2868 655 2920 1279
673 2869 732 2919 Am.
746 2870 834 2919 uereri
843 2870 1024 2933 praefixumV
1031 2865 1045 2935 ΙΙ
1144 2835 1151 2848 ·

72 2980 79 2992 ,
132 2933 263 3000 ¹fortuna]
276 2951 313 2986 na
324 2937 423 3001 syllaba
434 2952 486 2987 seo.
500 2953 531 2989 m.
588 2953 621 2986 on
639 2938 807 2987 nouerca?
825 2932 837 3003 ss
860 2938 948 3001 petris
964 2937 990 2986 V
1005 2953 1055 3003 pa-

132 3004 208 3054 trina
227 3002 279 3052 EA
308 2998 321 3071 ΙΙ
351 3005 415 3054 1281
440 3019 549 3054 mouere
568 3003 646 3069 EVq
673 3018 802 3054 moneare
822 3005 847 3053 A
876 2999 888 3070 ll
919 3004 985 3054 1284
1013 3010 1057 3054 est

132 3087 184 3123 om.
201 3071 228 3121 V
248 3067 260 3138 l}
284 3073 350 3123 1286
362 3072 550 3125 iamdumdum
566 3069 599 3123 V¹
618 3068 630 3139 ΙΙ
643 3072 709 3123 1288
723 3071 859 3137 agendum
876 3070 1021 3123 {durare
1032 3067 1044 3139 ΙΙ

135 3140 205 3190 1290
222 3139 360 3202 ignauam
379 3140 488 3206 ignaua
503 3139 611 3193 Mron.
635 3136 648 3207 ΙΙ
677 3141 741 3191 1291
761 3138 933 3204 pauidaeque
953 3144 1056 3190 matres

132 3214 158 3270 ap
230 3207 331 3258 dantur
349 3207 374 3257 Ε
392 3209 438 3258 orii
457 3216 484 3258 ut
507 3209 609 3258 uidetur
638 3209 737 3258 dentur
758 3207 807 3257 VA
837 3202 850 3275 ss
878 3209 944 3258 1282
985 3208 1055 3257 inidi

137 3275 165 3325 V
223 3275 359 3329 excisum
373 3275 494 3327 B.Sclrm.
511 3271 523 3343 Η
546 3277 613 3327 1294
631 3281 680 3326 aut
692 3278 753 3325 tota
769 3276 874 3326 Vratr'el.
886 3275 937 3328 Bo.
957 3224 1055 3341 [fuum

132 3341 261 3394 domibus
279 3359 301 3393 ω
325 3358 386 3395 eum
406 3343 546 3395 famulis
567 3343 754 3394 miserens.
775 3358 836 3392 cum
854 3343 974 3393 loribus
989 3345 1055 3393 ecri-

130 3406 620 3546 &2Q1297‘deuetr3EllWssggSL
650 3427 732 3529 ugrse
751 3407 913 3531 Ad'HEgae
930 3408 1056 3460 incident

254 3494 315 3529 exer
336 3495 371 3529 en
612 3493 664 3544 quo
706 3494 799 3529 muni
900 3492 956 3541 qua
977 3492 1054 3527 mnn-

131 3544 184 3598 dus
201 3547 227 3597 A
250 3541 264 3613 fl
