2544 4046
428 302 432 306 .
495 260 674 310 rflrnsrns
768 259 774 265 ’

110 430 119 436 ·
134 402 230 465 atille
246 402 335 462 libras
351 409 456 462 tractat
471 419 505 462 ac
521 400 579 462 lata
594 401 712 479 inspicit

136 497 166 550 et
182 487 279 548 adhuc
296 485 426 546 calentes
441 487 592 546 uiscerum
607 503 699 546 aenas
714 493 805 547 notat.

97 584 117 632 n
179 572 339 651 Postquam
355 571 469 632 hostiae
484 570 637 649 placuere:
652 587 776 632 securus
790 578 878 632 uacat

135 660 196 717 iam
212 657 317 719 fratris
331 654 435 735 apulis,
464 655 528 734 ipse
542 655 669 715 diuisum
685 661 766 715 secat

136 744 165 802 in
183 739 318 801 membra
334 759 459 818 carpus:
482 747 614 817 amputat
628 745 734 799 trunca
749 748 836 800 tenus

139 842 262 886 umeros
276 832 413 902 patentes
428 833 458 884 et
474 822 654 884 lacertarum
670 841 777 889 moras,

137 910 269 973 denudat
284 916 366 970 artus
382 909 475 969 durus
490 917 579 986 atque
596 927 663 968 assa
679 914 820 986 amputat,

138 1002 253 1055 tantum
271 1011 323 1054 ora
339 1000 439 1054 seruat
453 1000 482 1054 et
497 993 580 1067 datas
594 993 662 1053 fidei
678 1011 792 1053 manns.

94 1074 123 1132 hs
180 1079 261 1139 Haec
275 1077 397 1139 neribus
412 1078 538 1139 haerent
552 1079 665 1139 uiscera
683 1086 712 1139 et
728 1076 814 1138 lentis
829 1079 896 1140 data
1073 1094 1124 1143 765

137 1163 247 1224 stillant
262 1162 400 1231 caminis,
421 1161 470 1223 illa
486 1162 652 1222 llammatus
666 1161 744 1222 latex

138 1248 285 1308 candente
300 1265 375 1307 aeno
391 1249 486 1309 iactat
516 1249 657 1325 inpositas
675 1246 765 1324 dapes

138 1329 284 1392 transiluit
298 1333 375 1410 ignis
390 1333 478 1410 inque
495 1330 676 1409 trepidantes
693 1330 775 1391 lacos
1031 1342 1055 1384 F.
1066 1341 1158 1384 CXXXI

140 1414 186 1476 bis
200 1427 248 1477 ter
263 1423 399 1494 regestus
415 1424 444 1477 et
459 1419 519 1493 pati
535 1417 632 1476 iussus
647 1432 762 1475 moram

139 1503 250 1562 inuitus
265 1502 358 1561 ardet.
389 1501 494 1562 stridet
510 1502 538 1561 in
554 1500 782 1560 naribusiacur.
1074 1517 1126 1566 aaa

110 1590 121 1637 i
184 1586 246 1647 Nec
261 1584 345 1645 lacile
361 1586 455 1647 dicam
472 1602 598 1663 corpora
614 1603 652 1645 an
668 1583 804 1645 flammae
820 1593 948 1664 gemant.

139 1687 289 1748 gemuere.
316 1672 418 1749 piceas
433 1670 509 1748 ignis
524 1671 554 1729 in
570 1670 667 1730 lumos
682 1668 752 1736 abit,

140 1762 170 1814 et
185 1755 248 1833 ipse
263 1754 362 1815 sumus
378 1756 470 1816 tristis
484 1773 520 1816 ac
535 1754 642 1825 nebula
658 1756 759 1833 grauis

138 1856 200 1898 nan
216 1846 316 1901 rectus
332 1841 391 1900 exit
407 1857 499 1916 seque
515 1840 544 1898 in
562 1839 712 1899 excelsum
729 1838 821 1900 leuat:

137 1924 249 2000 spissas
267 1931 388 2000 penates
403 1923 483 1985 trube
498 1924 623 1985 delermi
639 1923 765 1984 obsidet.

101 2011 124 2060 k
188 2007 378 2069 OPhaebe
400 2010 528 2086 patiens,
551 2009 697 2106 ingeris
719 2016 826 2069 retra
846 2007 937 2094 licet

137 2092 298 2172 mediaque
317 2102 438 2179 raptum
455 2095 593 2154 merseris
609 2092 691 2154 caela
707 2093 795 2161 diem,

139 2194 209 2237 sere
225 2177 356 2238 occidisti
358 2222 848 2240 ..........

139 2308 363 2323 .....
410 2262 564 2343 [lancinat
575 2270 653 2336 anat
654 2280 686 2323 as
695 2270 791 2338 pater

137 2353 287 2421 artusque
300 2351 420 2409 mandit
434 2365 487 2408 arc
497 2348 604 2421 sanast
604 2364 620 2407 a
635 2365 715 2408 sans.

141 2434 205 2492 nite
204 2435 345 2507 tflaente
359 2435 501 2493 madidas
515 2440 652 2507 annuant
652 2450 670 2493 a
685 2448 802 2492 comam

136 2520 308 2591 arcanasque
323 2521 405 2578 aina.
434 2533 527 2592 saepe
539 2519 723 2623 praeclusae
736 2517 836 2576 cibam

139 2608 265 2661 tenuere
275 2601 396 2674 fauces.
400 2598 410 2683 Ι
459 2644 842 2662 ........

140 2729 416 2747 ......
462 2687 493 2745 in
510 2685 593 2747 malis
604 2702 695 2745 unum
711 2685 768 2745 hoc
783 2684 841 2744 tuis

142 2768 255 2829 bonum
271 2776 330 2838 est,
347 2770 488 2848 Thyesta,
506 2770 585 2849 quad
604 2769 725 2830 mala
717 2787 871 2847 ignaras
892 2777 962 2830 tua.

99 2845 130 2903 k'
188 2853 245 2913 Sed
263 2861 292 2913 et
306 2853 364 2915 hac
379 2854 497 2933 peribit
527 2855 693 2915 uerterit
713 2872 850 2917 currus
869 2851 961 2915 licet

98 3126 110 3149 0
210 3073 260 3123 757
279 3073 422 3138 incipitE
449 3070 461 3141 ΙΙ
489 3075 537 3123 761
556 3073 750 3124 lancinetci.
762 3072 838 3126 NHa
867 3069 880 3139 ΙΙ
909 3075 958 3125 766
977 3075 1062 3124 delen-

109 3148 114 3156 ·
139 3141 199 3189 dam
227 3148 314 3191 censet
335 3142 462 3192 Bartln'aa
489 3145 642 3192 anctoritate
667 3143 764 3192 codicia
783 3143 941 3205 ,peruenerit
964 3145 1061 3193 calamo

140 3209 275 3265 caerati
310 3204 323 3273 ΙΙ
361 3212 411 3261 767
435 3213 567 3274 querente
592 3224 661 3260 aeno
684 3211 709 3259 A
739 3208 844 3273 (haene
865 3210 899 3273 a)
923 3209 1061 3260 candente

141 3289 213 3324 aena
231 3275 257 3324 Ε
285 3271 298 3343 ΙΙ
326 3278 376 3327 768
400 3279 571 3412 crepitantes
590 3277 614 3326 A
644 3276 817 3342 trepidantes
835 3277 917 3340 ΕψΙ
908 3277 952 3339 (R)
944 3274 988 3343 )ΙΙ
1012 3279 1062 3328 772

139 3342 237 3407 piceus
250 3345 276 3392 A
294 3345 389 3408 piceos
402 3346 428 3394 E

140 3412 241 3461 —mm
265 3410 567 3476 (lancinatssieuces)
592 3413 641 3465 del
660 3414 723 3463 nul>
752 3409 764 3480 ΙΙ
794 3414 843 3463 780
867 3418 986 3474 comeda
1016 3427 1061 3461 co

140 3491 274 3535 mamea
307 3476 319 3545 ΙΙ
352 3482 401 3531 781
429 3481 557 3531 reclusae
575 3481 601 3531 E
628 3480 777 3546 praecia
807 3476 819 3546 ΙΙ
852 3481 902 3530 784
929 3494 1023 3530 cursus
1043 3496 1062 3529 α

139 3560 237 3597 carrus
255 3556 294 3611 ψε
317 3543 329 3612 ΙΙ

457 3341 462 3411 Ι
486 3345 561 3396 775
554 3360 662 3409 ipsosne
681 3346 804 3410 spissus
823 3346 853 3395 ci
868 3345 943 3397 NHs.
964 3340 977 3410 ΙΙ
998 3342 1062 3396 7781»
