2544 4046
221 240 284 307 114'
497 259 528 306 n.
552 258 685 307 aunam
707 259 866 308 sennenn

222 398 313 460 un'um
328 398 387 458 hoe
402 396 492 459 habet
509 398 625 458 fortuna
641 416 701 476 que
716 400 826 478 possim
843 403 909 479 oapi

220 485 348 544 inuictus
362 481 440 544 aliis:
456 481 517 542 sola
533 489 565 542 tu
580 482 712 543 adiectus
727 491 813 562 potes

220 567 336 629 mollire
351 567 453 635 duros,
473 565 535 628 sola
551 567 688 646 pietatem
703 568 733 627 in
749 568 839 628 domo

221 653 329 713 dooere
345 660 457 713 uestra.
487 651 527 711 nil
542 668 634 728 graue
649 661 699 711 aut
714 654 855 713 miserum
872 661 916 714 est
931 655 1003 715 mihi

221 738 299 816 quod
316 744 345 797 te
360 738 452 796 seiam
468 734 608 797 uoluisse.
626 743 673 819 ¹tu
690 743 830 817 tantum
847 739 1003 816 impera:

186 823 211 881 c'
266 822 319 881 Hic
336 819 466 899 Oedipus
481 838 588 899 aegaea
604 820 767 881 transnabit
782 822 859 881 treta

221 905 374 966 iubente
390 913 425 965 te
440 904 633 984 flammasque
649 923 723 983 quas
738 906 831 966 sieuto
847 908 941 966 uomit

221 991 257 1050 de
274 996 374 1051 monte
390 988 476 1051 tellus
491 992 595 1066 igneos
610 988 736 1073 uoluens
751 989 864 1068 globos,

221 1075 348 1153 excipiet
363 1092 415 1133 ore
431 1091 522 1152 seque
537 1076 669 1156 serpenti
684 1073 790 1135 offeret

220 1177 295 1237 quae
311 1176 399 1218 saeua
415 1156 493 1239 furto
509 1159 639 1218 nemoris
653 1156 793 1219 herculeo
810 1158 890 1227 furit,

218 1242 371 1304 iubente
386 1249 421 1302 te
436 1240 592 1321 praebebit
606 1241 726 1303 alitibus
740 1244 832 1313 ieeur,

219 1327 372 1389 iubente
388 1334 422 1386 te
437 1325 486 1387 uel
501 1328 591 1389 uiuet.

560 1448 678 1503 *ΑΜ*
765 1463 781 1497 3
860 1454 861 1459 ,

1163 591 1208 641 310

191 1605 209 1639 a
265 1593 369 1640 uvnr.
394 1578 570 1655 Exemplum
585 1582 617 1639 in
632 1580 738 1657 ingens
752 1579 833 1656 regia
848 1581 941 1658 stirpe
956 1579 1067 1642 editum
1159 1601 1206 1651 320

219 1662 340 1723 Thebae
356 1671 499 1741 pauentes
515 1676 596 1722 arma
612 1665 744 1724 fraterna
760 1664 901 1724 inuooant

219 1755 384 1826 rogantque
401 1748 485 1807 teotis
501 1765 604 1808 aroeas
618 1749 722 1825 patriis
737 1747 826 1809 tanes.

220 1850 280 1891 nou
296 1839 365 1891 sunt
379 1832 487 1900 minae,
503 1832 560 1891 iam
577 1834 699 1910 propius
715 1832 838 1892 accessit
853 1831 972 1894 malum.

181 1916 207 1974 a'
262 1915 336 1976 Nam
352 1933 443 1994 regna
460 1922 598 1994 repetens
613 1917 706 1977 irater
722 1924 751 1976 et
766 1924 866 1994 pactas
881 1919 963 1978 uices

219 2001 250 2061 in
266 1999 342 2061 betta
359 2007 481 2061 cunctos
497 2001 639 2061 Graeciae
655 2000 780 2080 populos
796 2002 865 2079 agit,

219 2092 340 2164 septena
357 2102 459 2145 muros
475 2092 570 2146 eastra
587 2084 730 2145 thebanos
746 2092 896 2162 premunt.

219 2188 376 2238 succurre,
392 2168 518 2248 prohibe
534 2169 646 2246 pariter
662 2177 691 2230 et
705 2169 816 2230 betium
833 2177 862 2230 et
877 2168 983 2231 scetus.

188 2264 206 2314 b
265 2267 383 2316 OEDIP.
407 2254 470 2331 Ego
485 2252 535 2314 ille
551 2271 615 2313 sum
632 2255 681 2333 qui
698 2256 811 2315 seelera
827 2255 964 2315 conmitti
979 2262 1078 2316 netem

220 2346 249 2400 et
264 2339 407 2403 abstineri
422 2339 565 2415 sanguine
581 2356 597 2398 a
614 2355 684 2397 earo
700 2355 804 2399 manus

219 2423 361 2485 doceam?
384 2420 525 2502 magister
540 2423 613 2482 iuris
629 2429 659 2482 et
673 2423 782 2483 amoris
799 2424 839 2502 pii

219 2526 274 2586 ego
289 2510 373 2569 sumt
398 2525 533 2569 meorum
551 2506 686 2586 erumpis
703 2506 866 2568 iaoinorurn
882 2515 1034 2587 appetunt,

218 2611 267 2653 me
283 2609 363 2669 nune
378 2601 528 2653 secuntur.
552 2590 641 2653 laudo
657 2597 687 2652 et
702 2608 830 2668 agnosco
847 2590 952 2653 iibens.

219 2676 375 2745 exhorter,
397 2676 541 2755 aliquid
565 2675 977 2754 utpatreboedignum
994 2685 1135 2755 gerant.

179 2760 205 2819 b'
260 2761 345 2836 Agite
362 2777 379 2819 o
394 2776 527 2837 propago
543 2777 610 2819 oara
627 2777 802 2838 generosam
818 2760 948 2822 indolem

287 2929 337 2977 313
355 2941 443 2990 aegeo
462 2925 487 2975 Ε
547 2928 672 2979 tronabit
684 2929 709 2979 A
728 2928 888 2979 transnabit
905 2928 955 2979 ER
977 2924 989 2995 Η
1012 2930 1063 2981 sta
1081 2929 1137 2980 sol·

217 3009 286 3045 uens
305 2993 356 3043 ΕΑ
380 3008 447 3047 corr.
467 3010 486 3044 α
554 2996 604 3045 316
627 2996 751 3047 herculei
768 2995 824 3045 ΕΡ
843 2995 973 3048 herculeo
992 2997 1016 3046 Α
1045 2992 1058 3062 ΙΙ
1086 2999 1138 3049 318

217 3061 331 3111 iubente
350 3065 378 3110 te
396 3062 441 3112 uel
459 3062 604 3128 amoeno
622 3067 650 3114 te
663 3064 708 3114 uel
721 3081 767 3114 om.
782 3080 800 3114 α
821 3060 832 3130 Η
857 3064 1024 3114 continuatur
1040 3078 1137 3114 scaena

217 3133 244 3179 in
261 3127 294 3177 E.
330 3128 449 3179 Nuntius
469 3129 565 3196 edipus
584 3131 715 3195 antigone
735 3132 824 3182 mou
859 3131 984 3181 Nunnius
1003 3131 1136 3198 antigone

217 3195 334 3261 edippus
355 3197 381 3243 V
399 3196 522 3247 Nunnius
542 3198 699 3263 edippnslt
728 3199 848 3249 Nuntius
861 3197 983 3264 Oedipus
995 3199 1137 3264 Antigona

216 3265 329 3315 Iocaste
349 3278 367 3312 α
390 3259 403 3329 ΙΙ
429 3265 579 3316 320AN'1'.
599 3266 754 3331 exemplum
773 3268 873 3332 ingens
891 3281 913 3315 r.
934 3269 968 3316 st.
989 3266 1093 3317 editum
1110 3266 1136 3315 Ε

218 3330 372 3396 exemplum
390 3332 489 3396 ingens
506 3333 546 3382 NE
574 3349 603 3384 re
625 3335 654 3384 io
671 3335 756 3399 stirpe
781 3334 855 3384 edite
879 3332 937 3397 (om.
956 3349 999 3384 ex.
1019 3334 1090 3400 ing.)
1109 3334 1135 3383 ,4

218 3415 262 3449 ex,
281 3400 315 3449 in
333 3400 433 3462 ingens
455 3401 486 3449 ei.
505 3401 580 3466 hips.
606 3349 624 3468 ᾖ
657 3403 706 3452 322
728 3418 777 3452 on:
799 3404 914 3452 arceat?
942 3398 955 3468 11
988 3403 1039 3452 325
1060 3401 1136 3452 bello

217 3483 287 3517 corr.
307 3483 342 3517 eae
358 3464 434 3516 bello
453 3464 491 3516 Ε1
514 3464 526 3534 ii
554 3470 604 3520 327
623 3469 704 3519 nefas
722 3469 746 3518 Α
766 3470 857 3520 scelus
875 3468 901 3517 E
924 3465 937 3534 ΙΙ
959 3470 1008 3521 331
1028 3469 1136 3520 facino·

217 3548 277 3583 rum
296 3531 422 3598 exemplo
439 3534 464 3582 A
489 3551 533 3589 ex.
551 3536 605 3587 feo.
626 3537 713 3600 ΕΕψε
742 3532 754 3601 Η
782 3540 832 3589 334
851 3537 967 3587 eiaroA
991 3550 1058 3586 earo
1076 3532 1126 3601 ΕΙΙ
