2536 4046
213 237 304 284 xum
441 303 443 307 ἶ
589 234 788 282 1111111111

216 397 319 454 iactum
336 403 425 451 estut
441 394 515 466 quod
530 395 560 449 E
574 395 675 451 uitiose
688 394 836 469 descripsit
850 395 875 450 id
891 397 918 450 in
935 393 1062 468 uolgares
1078 394 1171 453 libros

216 481 388 538 emendatum
404 480 544 535 transiret.
577 480 689 537 Praesto
706 487 771 535 sunt
792 480 912 554 exempla
928 481 994 536 satis
1009 478 1169 537 luculenta:

427 598 456 652 E
606 609 609 615 ’
916 597 946 652 Α

261 683 281 737 'l
300 681 338 738 72
362 689 467 737 mutare
483 684 558 755 ipsc
698 698 734 737 m.
752 681 826 756 ripas

213 765 339 823 011342
362 765 671 840 lrigiamquellammam
698 766 888 840 frugemque
917 765 1022 823 flamma
1043 770 1168 824 metite

366 858 393 908 et
409 853 506 907 etesias
523 850 569 907 tali
585 852 637 906 soli
740 851 870 908 natalis
884 851 937 907 soli

243 937 264 991 P
281 936 342 992 686
366 944 471 991 tantum
488 951 521 990 ne
537 935 614 992 nelos
698 936 786 991 titan
804 944 840 991 tu
856 935 931 992 nefas

261 1019 343 1078 1005
366 1020 512 1076 luctificam
543 1018 668 1093 (repetit.
690 1037 863 1094 quassam·

365 1122 395 1160 11
412 1123 438 1160 u.
453 1101 546 1174 1004)

256 1189 337 1245 1066
361 1206 443 1263 agros
696 1190 807 1263 Argos

211 1274 261 1345 lig.
278 1272 338 1329 162
360 1272 442 1344 lango
698 1272 824 1347 langore

260 1356 337 1414 ’299
361 1356 411 1414 suh
427 1374 496 1432 rupe
512 1357 642 1413 reductus
698 1357 837 1436 surripere
851 1357 949 1414 doctus

256 1442 337 1499 1017
361 1443 483 1499 semitam
697 1441 823 1498 feminam

220 1527 263 1582 Tn
277 1525 337 1582 642
361 1527 432 1582 sicre
696 1542 760 1582 sero
866 1584 870 1599 p

276 1608 338 1666 644
361 1618 453 1664 uitem
696 1618 786 1666 uatem

277 1693 442 1765 77911111
695 1696 740 1749 aui

276 1777 337 1834 933
359 1776 434 1833 mille
449 1777 561 1832 nauium
693 1776 844 1834 Menelaum

255 1861 338 1919 1050
360 1863 487 1918 meritum
694 1879 766 1920 mare
783 1879 844 1918 cum

209 1944 338 2003 1111404
360 1945 419 2002 uoti
434 1948 500 2001 iuno
516 1962 595 2018 quem
693 1949 751 2003 uoti
769 1962 847 2019 quem
864 1947 921 2003 loui

215 2068 217 2073 ·
276 2030 336 2087 732
359 2032 404 2086 uix
439 2046 550 2103 quoque
590 2047 666 2086 mon·
693 2030 738 2086 uix
753 2048 825 2103 queo
842 2048 878 2086 m.
895 2031 986 2105 eloqui

363 2123 450 2171 strum
467 2114 561 2171 elocor

274 2198 335 2256 895
360 2198 485 2255 thiestem
505 2201 571 2254 titan
594 2198 665 2271 fugit
692 2200 751 2273 ipse
767 2215 810 2255 me
826 2201 856 2255 T.
874 2200 891 2256 1.

274 2282 336 2340 974
358 2283 404 2340 lun
419 2282 465 2338 illa
481 2285 561 2339 sistat
692 2283 737 2338 lun
754 2282 816 2339 uilis
832 2286 885 2340 ista
902 2294 944 2340 est

253 2368 335 2425 1257
359 2368 458 2425 eraclia
474 2368 584 2441 penitus
691 2368 766 2424 ibera
783 2367 860 2441 calpe
876 2370 941 2424 litus

253 2454 335 2509 1277
359 2470 442 2525 uagas
458 2451 616 2526 tymplalida
691 2469 762 2526 uaga
778 2452 953 2526 symplegade

254 2536 335 2593 1382
359 2536 449 2609 alique
465 2554 546 2607 casus
691 2536 786 2592 auidae
799 2536 934 2593 Caucasus

272 2669 344 2729 llaec
370 2671 460 2726 omnia
483 2670 674 2744 neglegentiae
704 2672 797 2728 librari
823 2672 852 2726 E
874 2671 1008 2728 malumus
1035 2671 1157 2730 tribuere

208 2771 288 2829 quam
301 2757 359 2810 eius
371 2756 455 2828 quiA
470 2754 657 2812 recensionem
669 2757 816 2830 conposuit
831 2756 952 2830 ingenio.
981 2755 1073 2830 Neque
1089 2773 1156 2813 uero

209 2841 307 2896 desunt
331 2839 384 2896 loci
413 2840 459 2896 ubi
487 2840 632 2897 deterioris
659 2842 829 2898 recensionis
855 2848 952 2897 auctor
975 2843 1084 2897 ueriora
1111 2841 1159 2898 de·

209 2926 352 3000 scripserit
373 2941 454 2999 quam
476 2923 551 2981 alter.
602 2924 647 2983 Sic
668 2925 689 2982 0
711 2925 773 2984 250
795 2927 857 3000 quis
878 2941 933 2980 non
954 2925 1030 2981 malit
1051 2942 1112 2982 cum
1133 2928 1157 2980 1

209 3010 335 3083 ampiecti
357 3009 470 3067 ueritum
495 3008 721 3084 ‘prohibent'
746 3027 806 3067 cum
828 3011 857 3066 ui
878 3009 992 3083 quadarn
1008 3009 1155 3084 repetitum

209 3111 289 3170 quam
305 3095 374 3150 male
390 3095 556 3168 adscriptum
572 3093 639 3151 illud
654 3090 831 3169 ‘Sphinx'‚
855 3094 898 3152 uel
914 3093 979 3150 ibid.
997 3091 1058 3150 343
1075 3094 1158 3150 ‘uul-

209 3188 265 3236 tum
281 3178 460 3254 obliquat'
477 3197 547 3254 quae
562 3181 697 3254 scriptura
714 3189 743 3236 et
757 3182 844 3255 ipsius
856 3179 975 3236 Senecae
990 3177 1023 3250 (T
1040 3176 1112 3249 160)
1128 3187 1156 3234 11

207 3264 295 3323 Ouidii
317 3263 352 3335 (ll
374 3263 416 3320 Vll
435 3264 509 3337 412)
529 3265 622 3322 uerbis
643 3264 818 3322 confirmatur
838 3281 888 3339 pro
913 3280 945 3320 eo
967 3263 1041 3336 quod
1061 3262 1090 3316 Ε
1109 3278 1156 3319 en-

206 3349 284 3407 11111
304 3348 426 3406 ‘uultum
449 3349 558 3407 solis'
581 3349 744 3409 1111111185
768 3349 1013 3422 ‘marcentque
1034 3347 1153 3420 Tempe’

115 3452 120 3459 ·
206 3454 256 3511 pro
279 3435 478 3509 ‘Macetumque
494 3433 606 3510 'sempe'
628 3444 655 3492 et
677 3452 747 3509 quae
763 3443 826 3491 sunt
841 3432 960 3491 similia?
986 3430 1154 3504 Quamquam

206 3538 262 3578 non
282 3523 321 3578 ita
341 3537 455 3594 magnos
477 3527 519 3577 est
540 3521 635 3578 talium
656 3520 841 3596 exemplorum
862 3534 1002 3576 numerus.
1040 3514 1154 3574 Accedit
