2544 4046
199 300 207 315 Ι
239 250 282 316 84
520 262 551 311 n.
568 262 700 310 sunem
716 261 874 311 sennenn

239 405 342 466 haeret
356 402 472 482 palude.
502 400 569 463 talis
584 410 627 462 est
643 401 725 463 dirae
741 402 838 481 Stygis

241 489 383 552 deformis
399 487 476 559 unda
493 505 568 565 quae
584 486 653 547 lacit
669 485 750 547 caelo
767 488 866 547 tidem.

281 574 336 634 Hic
351 579 440 633 nocte
455 590 541 633 caeca
558 589 678 648 gemere
693 570 793 632 feralis
808 571 880 631 deos

239 659 316 720 lama
332 665 391 726 est,
409 658 521 718 eatenis
535 655 620 717 lucus
635 657 767 716 excussis
782 663 869 716 sonat

238 741 410 821 ululantque
427 758 539 802 manes.
572 740 712 819 quiequid
729 740 832 801 audire
848 748 892 802 est
906 747 1013 810 metus,

237 826 299 888 illio
313 827 446 888 uidetur:
463 831 544 887 errat
560 826 687 902 antiquis
702 834 788 885 uetus

239 913 345 973 emissa
361 909 455 972 bustis
470 908 557 971 turba
574 915 603 970 et
617 908 759 970 insultant
772 908 839 970 loco

240 998 353 1057 maiora
371 997 448 1055 notis
463 1003 609 1062 monstra,
627 995 698 1072 quin
715 1000 775 1054 tota
787 992 867 1056 solet

239 1083 350 1141 micare
367 1078 441 1140 silua
457 1078 575 1138 flamma
591 1086 620 1138 et
634 1077 768 1139 excelsae
783 1078 884 1139 trabes

239 1169 343 1225 ardent
359 1164 423 1224 sine
438 1164 515 1242 igne.
548 1180 636 1241 saepe
651 1162 759 1223 latratu
774 1180 881 1224 nemus

239 1250 318 1309 trino
335 1250 471 1327 remugit,
488 1264 576 1326 saepe
591 1246 757 1308 simulacris
772 1248 877 1309 domus

134 1383 138 1392 .
240 1335 362 1395 attonita
377 1334 502 1411 magnis.

534 1418 596 1478 Nee
611 1417 674 1478 dies
689 1416 772 1477 sedat
786 1424 907 1486 metum,
1028 1486 1032 1493 ,

240 1521 299 1563 nox
314 1503 436 1582 propria
451 1501 518 1562 luco
535 1510 578 1563 est
593 1508 623 1562 et
637 1501 807 1579 superstitio
822 1501 950 1562 inferum

239 1588 269 1646 in
285 1586 351 1647 luce
366 1586 464 1647 media
479 1595 593 1665 regnat.
623 1586 693 1646 hino
708 1583 861 1646 orantibus
906 1610 914 1619 ·

240 1688 385 1749 responsa
400 1671 508 1731 dantur
524 1680 613 1740 certa,
629 1688 697 1731 cum
713 1671 825 1749 ingenti
840 1688 914 1732 sono

238 1755 374 1817 laxantur
390 1756 475 1834 adyto
490 1756 549 1816 lata
565 1763 594 1817 et
608 1756 734 1833 inmugit
748 1772 856 1834 specus

233 1857 344 1900 *uocem
361 1841 416 1902 deo
432 1838 575 1901 soluente.
607 1858 666 1919 quo
681 1848 836 1919 postquam
853 1840 955 1901 furens

241 1926 365 1985 intrauit
380 1926 487 1986 Atreus
501 1923 612 1986 liberos
626 1926 729 1985 fratris
743 1924 882 1985 trahens:

241 2018 386 2071 ornantur
401 2027 480 2070 arae.
510 2012 576 2088 quis
590 2020 679 2089 queat
694 2008 784 2087 digne
800 2008 917 2087 eloquii

206 2088 230 2145 d'
285 2093 355 2154 Post
370 2101 453 2172 terga
466 2096 607 2154 iuuenum
624 2092 738 2154 nobiles
752 2101 875 2155 reuocat
890 2112 994 2156 manus

239 2186 266 2238 et
282 2184 391 2239 maesta
407 2179 480 2239 uitta
494 2181 589 2258 capita
605 2195 756 2257 purpurea
771 2178 851 2257 ligat.

238 2280 296 2323 non
313 2270 379 2324 tura
395 2263 509 2334 desunt,
526 2281 586 2324 non
602 2281 687 2324 sacer
703 2262 806 2323 bacchi
822 2260 919 2342 liquor

237 2357 402 2426 tangensue
417 2349 482 2409 lusa
496 2349 646 2410 uictimam
663 2346 757 2408 culter
772 2345 859 2407 mola.

237 2439 374 2493 seruatur
390 2434 487 2495 omnis
502 2434 591 2503 ordo,
608 2450 645 2492 ne
661 2438 774 2493 tantum
790 2432 873 2493 nelas

237 2534 296 2576 non
311 2518 369 2577 rite
382 2517 441 2578 ilat.

237 2612 342 2661 cnon.
486 2604 551 2682 quis
566 2619 686 2663 manum
702 2600 783 2662 lerro
800 2601 957 2662 admouet?

236 2697 340 2745 uvuu.
370 2686 434 2763 ipse
451 2695 495 2746 est
509 2688 664 2756 sacerdos,
681 2688 743 2766 ipse
759 2687 875 2747 funesta
890 2704 979 2764 prece

238 2766 327 2829 letale
343 2786 462 2829 carmen
479 2788 531 2830 ore
547 2770 677 2831 uiolento
694 2771 781 2830 canit.

204 2873 218 2906 e
282 2854 346 2913 Stat
360 2855 424 2932 ipse
441 2854 476 2914 ad
493 2872 574 2925 aras,
589 2857 654 2935 ipse
671 2855 795 2916 deuotos
812 2856 876 2916 neci

239 2944 403 2998 contrectat
418 2946 446 3000 et
462 2942 603 3018 conponit
618 2947 647 3002 ct
662 2940 743 3002 lerro
759 2940 905 3010 admouet,

236 3022 359 3082 attendit
374 3024 453 3101 ipse:
474 3023 553 3085 nulla
568 3042 638 3102 pars
653 3027 731 3085 sacri
749 3026 833 3103 perit.

236 3103 320 3165 lucus
336 3110 493 3176 tremescit,
510 3115 570 3169 tota
586 3127 725 3171 succusso
741 3108 804 3168 solo

303 3327 354 3378 668
371 3329 454 3377 noete
472 3331 532 3377 tota
545 3329 570 3378 Α
588 3346 613 3381 n.
633 3344 648 3380 c
667 3345 701 3381 oe
719 3329 745 3380 Ε
767 3325 779 3396 ΙΙ
802 3330 852 3381 6⁷2
870 3329 931 3379 ioco
949 3328 975 3379 Ε
1001 3328 1064 3379 loco
1082 3330 1109 3380 A
1131 3325 1145 3396 ΙΙ

234 3395 346 3445 flemma
364 3394 445 3459 sylus
463 3395 488 3443 Α
507 3396 580 3446 silue
598 3397 623 3446 fl.
694 3394 706 3464 ΙΙ
735 3399 786 3449 685
803 3402 920 3448 reuocat
938 3399 963 3447 A
990 3396 1094 3462 religet
1111 3398 1156 3449 Rc

234 3463 352 3514 renodat
369 3480 411 3514 on.
430 3479 465 3513 ecc
477 3463 535 3513 Pol.
560 3460 572 3530 ll
600 3466 650 3517 688
668 3465 732 3517 fusa
749 3473 773 3531 ψ
793 3466 870 3516 salse
887 3465 928 3516 Αε
947 3460 959 3532 ΙΙ
983 3461 1034 3516 696
1052 3480 1155 3517 occen-

235 3529 276 3596 dit
295 3547 314 3581 oa
337 3531 459 3583 attendit
477 3531 548 3582 ΕΕΕ
560 3539 577 3582 t.
592 3534 674 3598 Grata
697 3530 709 3600 Η
