2576 4044
199 268 263 333 340
461 300 464 304 <
590 282 732 330 rucunrr

239 423 299 483 Nos
321 421 376 481 alia
393 423 487 482 maior
502 421 661 499 naufragos
676 425 765 501 pestis
780 430 875 483 uocat.

197 514 241 568 est
255 505 374 568 humilis
390 507 468 567 unda
485 508 618 584 scrupeis
632 508 757 568 mendax
775 507 858 567 uadis

196 592 248 652 uhi
264 610 333 652 saxa
348 593 459 670 rapidis
475 590 573 651 clausa
590 591 752 652 uerticibus
767 593 841 669 tegit

195 675 284 738 fallax
300 676 477 754 Caphereus.
509 683 623 736 aestuat
638 675 769 755 scopulis
786 676 894 736 lretum

201 763 355 839 feruetque
371 778 489 839 semper
503 759 611 820 fluctus
626 759 738 821 alterna
754 761 829 820 trice.

237 848 297 907 Arx
313 847 436 904 inminet
450 854 610 923 praerupta
626 862 702 921 quae
720 851 833 921 spectat
848 864 932 906 mare

194 932 344 1009 utrimque
360 931 523 1007 geminum.
555 928 672 1007 Pelopis
687 929 757 989 hinc
773 948 840 989 oras
856 932 899 990 tui

200 1021 229 1074 et
243 1013 374 1074 Isthmon
391 1023 454 1074 arto
474 1014 523 1090 qui
537 1023 714 1074 recuruatus
728 1012 792 1074 solo

197 1100 276 1158 ionia
292 1100 374 1174 iungi
390 1100 481 1157 maria
497 1097 628 1175 phrixeis
645 1106 740 1167 uetat,

199 1184 270 1244 hinc
284 1181 398 1243 scelere
413 1181 544 1242 Lemnon
561 1182 708 1252 nobilem,
725 1184 795 1243 hinc
811 1181 996 1245 Chalcedona

194 1268 369 1346 tardamque
384 1266 496 1327 ratibus
510 1265 607 1327 Aulin.
637 1267 714 1327 hanc
729 1285 828 1328 arcem
845 1277 976 1347 occupat

194 1351 359 1413 Palamedis
376 1350 425 1411 ille
442 1354 560 1429 genitor
575 1359 604 1411 et
620 1351 732 1411 clarum
749 1369 838 1412 manu

197 1435 296 1497 lumen
312 1436 439 1496 nefanda
457 1437 569 1496 uertice
585 1455 601 1495 e
616 1455 733 1496 summo
750 1437 876 1498 efferens

200 1524 230 1580 in
246 1540 316 1583 saxa
331 1521 412 1581 ducit
426 1520 537 1598 perlida
554 1519 677 1581 classem
694 1521 768 1581 lace.

239 1606 370 1666 Haerent
385 1606 478 1664 acutis
494 1605 618 1683 rupibus
634 1606 709 1666 lirae
724 1612 812 1666 rates.

196 1691 249 1751 has
264 1691 360 1767 inopis
375 1689 472 1750 undae
488 1688 590 1749 breuia
607 1691 802 1750 conminuunt
818 1690 902 1751 uada.

195 1792 265 1853 pars
280 1775 398 1834 uehitur
414 1774 500 1834 huius
516 1776 625 1853 prima,
642 1792 712 1852 pars
727 1773 848 1852 scopulo
865 1773 963 1842 sedet,

195 1859 273 1919 hanc
289 1858 345 1918 alia
360 1867 441 1919 retro
457 1860 548 1937 spatia
564 1858 745 1937 relegentem
763 1859 832 1918 ierit

197 1951 226 2004 et
241 1943 333 2003 lracta
350 1943 467 2021 frangit.
499 1944 555 2003 iam
572 1944 676 2004 timent
691 1952 801 2003 terram
818 1950 896 2004 rates

197 2034 226 2089 et
240 2030 333 2089 maria
349 2026 470 2089 malunt.
503 2028 607 2088 cecidit
620 2030 651 2087 in
667 2027 763 2088 lucem
779 2029 873 2089 luror.

195 2122 353 2192 postquam
368 2110 482 2172 litatum
499 2121 543 2173 est
557 2111 628 2180 llio,
644 2112 783 2173 Phoebus
798 2113 875 2173 redit

196 2206 226 2258 et
240 2197 347 2258 damna
363 2199 460 2257 noctis
476 2196 566 2256 tristis
582 2198 709 2257 ostendit
725 2197 796 2258 dies.

150 2296 154 2303 ’
239 2294 338 2343 curn.
364 2287 512 2343 Vtrumne
527 2280 641 2341 doleam
657 2281 750 2343 laeter
765 2301 802 2342 an
817 2281 958 2343 reducem
974 2283 1091 2343 uiruml
1132 2295 1185 2346 000

194 2386 344 2429 remeasse
359 2367 468 2436 laetor,
485 2364 596 2426 uulnus
610 2372 640 2424 at
654 2367 740 2442 regni
755 2383 846 2444 graue

195 2452 297 2531 lugere
313 2470 413 2531 cogor.
444 2451 536 2512 redde
551 2451 608 2510 iam
625 2450 710 2511 Grais
726 2459 810 2529 pater
845 2493 847 2498 ⁷

195 2536 317 2598 altisona
333 2539 468 2618 quatiens
483 2552 574 2613 regna
592 2534 723 2613 placatos
738 2534 821 2596 deos.

263 2824 313 2875 580
331 2823 484 2873 uerticibus
502 2821 551 2886 Εψ
569 2820 722 2872 uerticibus
742 2822 767 2870 A
790 2817 802 2886 ll
826 2821 873 2870 581
898 2821 1069 2887 chophereus
1087 2823 1113 2872 E

196 2890 358 2955 Caphareue
375 2892 400 2940 A
421 2886 434 2957 fl
454 2890 503 2940 583
521 2904 584 2939 arax
603 2889 627 2937 E
644 2886 655 2954 Η
675 2890 725 2939 586
743 2889 856 2938 leninon
874 2889 900 2938 E
916 2885 928 2954 ll
945 2890 1066 2940 nobilem
1085 2896 1114 2940 et
1153 2944 1156 2949 ,

196 2958 368 3010 calchedona
390 2959 415 3007 Ε
444 2973 471 3006 n.
490 2958 555 3007 hinc
575 2957 766 3021 calcedonaap
796 2972 823 3009 n.
848 2960 875 3005 et
897 2956 1009 3022 hincm
1038 2973 1064 3010 n.
1085 2962 1113 3007 et

194 3027 259 3076 hinc
279 3025 428 3077 Chalcida
447 3042 465 3077 u
482 3042 510 3077 n.
528 3025 593 3074 hinc
613 3024 803 3074 Chalcedona
824 3022 1004 3090 1670011588
1023 3029 1112 3075 artem

195 3095 220 3144 Ε
236 3090 249 3160 ΙΙ
265 3096 316 3145 690
334 3110 349 3144 e
368 3109 471 3145 summo
490 3094 528 3144 εΗ
546 3108 580 3143 ex
599 3108 620 3144 s.
639 3092 664 3141 A
681 3089 692 3157 ll
709 3094 757 3143 aul
777 3092 855 3141 ducit
873 3092 913 3142 εΑ
937 3093 1014 3142 duxit
1033 3093 1112 3146 Gron.

195 3158 406 3226 eormhilda?
424 3163 462 3211 Et
478 3162 568 3211 maria
586 3158 693 3209 malunt
709 3160 734 3208 Ε
747 3159 822 3209 IPot.
840 3159 1004 3225 Maluutque
1023 3162 1113 3211 maria
1211 3186 1214 3191 Δ

195 3229 235 3281 ro*
248 3229 323 3279 1Ραὶ.
338 3229 417 3280 Ortet.
437 3228 592 3293 Voluntque
610 3228 698 3277 maria
716 3229 741 3278 A
759 3226 937 3291 Voluuntque
951 3230 1076 3292 moriad
1097 3230 1110 3291 ΙΙ

196 3297 299 3348 cecidit
316 3297 366 3362 Εψ
391 3296 465 3347 cedit
483 3298 508 3347 A
523 3293 537 3362 [l
553 3299 582 3345 in
599 3295 689 3345 lucem
709 3295 757 3359 Εψ
781 3295 808 3344 in
826 3294 931 3345 luctum
950 3312 969 3346 α
986 3292 998 3361 ΙΙ
1013 3295 1063 3347 698
1081 3296 1112 3345 Ρ.

194 3366 213 3418 1.
237 3369 281 3415 est
302 3365 352 3414 illo
374 3365 498 3428 phoebus
521 3362 594 3413 redit
611 3362 637 3412 Ε
666 3363 727 3413 Ilio
752 3363 830 3413 Gran.
865 3362 956 3414 illico
979 3363 1112 3414 Beroaldus

194 3431 224 3483 Ρ.
242 3432 262 3482 l.
282 3437 334 3491 est,
353 3431 482 3482 Phoebus
500 3431 528 3480 in
546 3430 636 3480 lucam
654 3431 725 3480 redit
742 3431 767 3480 A
779 3426 791 3496 ll
803 3432 853 3482 600
871 3429 980 3480 doleam
998 3446 1035 3481 an
1053 3429 1111 3481 lae·

194 3501 273 3545 taam
296 3498 352 3540 red.
375 3515 402 3549 u.
427 3498 452 3547 Ε
482 3498 507 3547 d.
531 3497 622 3547 laeter
645 3513 681 3546 an
704 3514 726 3547 r.
751 3513 777 3548 u.
795 3499 821 3548 A
851 3493 863 3565 ΙΙ
892 3497 1111 3549 601laatoreA

193 3562 201 3574 “
402 3565 421 3612 'l
440 3569 468 3614 at
486 3562 595 3631 Attum
613 3566 689 3630 grais
707 3565 757 3614 EA
776 3565 904 3629 graijsp
927 3562 939 3631 ΙΙ
