2504 4040
481 209 644 259 racanas
952 195 1017 261 269

65 379 80 414 e
185 349 287 413 Scluet
302 350 382 410 hunc
397 358 533 428 questum
549 347 745 427 lacrimasque
762 355 880 409 nostras

142 443 261 514 sparget
276 435 334 495 huc
350 434 420 495 illuc
436 436 545 512 agitata
561 432 663 496 classis

143 528 172 581 et
185 520 256 582 tuba
273 521 344 580 iussi
359 519 430 603 (lare
445 517 512 580 uela
526 526 648 587 nautae,

143 623 210 665 cum
223 598 312 664 simul
328 604 426 664 ueritis
441 610 621 682 properante
636 620 720 663 reme

143 689 317 767 prenderint
331 686 422 748 altum
439 688 609 766 fugiantque
625 687 702 748 litus.
815 756 819 763 Α

142 774 207 852 quis
222 781 314 834 status
330 774 438 834 urentis
453 773 570 832 miseris
584 771 635 832 ubi
652 773 748 832 omnis

141 865 221 918 terra
236 857 390 918 decrescet
405 857 586 937 pelagusque
603 867 733 927 crescet,

143 941 220 1003 celsa
236 961 303 1004 curn
319 941 405 1020 longe
421 940 544 1002 latitabit
559 940 630 1002 lde?

80 1114 87 1134 '
185 1111 260 1172 'lum
276 1128 351 1188 puer
367 1112 455 1171 niatri
470 1114 663 1190 genetrixque
679 1120 747 1170 nato

142 1196 231 1256 Troia
249 1213 306 1274 qua
320 1199 437 1271 squalet
451 1197 572 1273 regiune
588 1203 756 1256 monstrans

143 1281 222 1341 dicet
238 1291 268 1340 et
282 1278 371 1357 lenge
387 1280 478 1357 digito
494 1279 623 1340 notabit:

143 1363 230 1425 lliurn
247 1362 368 1425 estillic
383 1364 435 1425 ubi
449 1365 548 1425 snmus
564 1364 621 1424 alte

142 1453 235 1528 serpit
250 1449 279 1509 in
295 1447 408 1510 caelurn
424 1448 610 1527 nebulaeque
625 1458 738 1526 turpes.

141 1533 236 1594 Trues
251 1534 308 1593 hcc
323 1536 408 1612 signe
423 1536 549 1612 patriani
566 1533 717 1595 uidebunt.

249 2053 409 2102 NVNTIVS.
433 2053 583 2101 HECVBA.
607 2053 864 2101 ANDROMAGHA.

61 2237 81 2270 α
146 2210 171 2270 0
187 2210 262 2271 dura
278 2209 335 2271 sata
351 2228 440 2272 saeua
455 2211 623 2272 miseranda
636 2210 775 2271 horrida:

96 2294 180 2374 quod
197 2303 255 2355 tarn
273 2294 367 2355 lerum
385 2305 443 2356 tarn
460 2296 543 2356 triste
558 2294 603 2356 bis
619 2296 717 2375 quinis
732 2294 829 2356 scelus

95 2381 178 2441 Mars
194 2379 267 2439 uidit
281 2381 384 2440 annisi
407 2381 477 2458 quid
493 2382 576 2458 prius
591 2374 724 2441 referens
740 2398 855 2459 gemam

94 2474 205 2526 tuusne
220 2466 317 2544 potius
331 2482 368 2524 an
384 2472 452 2526 tuns
468 2463 598 2526 luctus
613 2466 706 2526 anusi

58 2550 87 2609 α’
144 2561 225 2610 Hae.
249 2550 458 2629 Quoscumque
474 2548 597 2612 luctus
612 2550 746 2618 lleueris,
762 2548 847 2613 sseliis
863 2568 954 2612 inens.
1039 2564 1105 2615 tulo

96 2762 304 2770 ——-——-u-—--

169 2906 235 2954 1062
249 2910 376 2969 questum
388 2906 440 2955 ΕΑ
460 2910 551 2955 cetum
563 2914 587 2969 ψ
601 2906 718 2971 Scaliger
729 2902 740 2972 ll
754 2908 819 2958 1055
838 2906 919 2957 simul
933 2907 958 2955 E
977 2922 1019 2957 se·

93 2971 153 3022 mel
177 2971 204 3021 Α
234 2968 246 3037 Η
276 2975 341 3024 1056
366 2974 527 3039 fugiantque
546 2974 597 3023 EA
628 2975 813 3040 fugietquequ
844 2971 856 3040 [l
885 2976 950 3025 1068
974 2974 1020 3024 de·

93 3043 224 3090 creasset
236 3039 261 3088 E
273 3036 361 3106 {11061
375 3042 469 3092 iaceat
481 3044 521 3092 εΑ
542 3042 659 3091 stabat
673 3043 725 3094 Gli.
745 3043 880 3106 squalet
891 3045 994 3107 scripsi.
1012 3039 1020 3103 ll

82 3109 167 3164 ,1063
186 3107 253 3156 illuc
271 3109 297 3158 E
320 3109 378 3158 illic
397 3111 421 3159 Α
452 3107 463 3175 ΙΙ
497 3111 554 3160 Vel.
574 3109 674 3159 Probus
691 3112 750 3164 inst.
770 3119 820 3160 ert.
839 3127 865 3175 pt
886 3115 931 3170 75,
953 3111 1020 3161 3L.

93 3175 210 3225 Seneca
237 3176 265 3224 in
292 3178 411 3227 Hecuba
440 3177 677 3240 hendecasyllabo
705 3178 734 3226 in
761 3179 897 3243 sapphico
923 3192 1019 3228 uersu:

93 3242 200 3293 ‘Ilium
225 3257 248 3292 e.
266 3243 325 3294 illic
344 3245 391 3295 ubi
409 3246 428 3294 f.
448 3246 522 3295 alte’
552 3242 563 3311 ll
588 3252 650 3309 post
672 3262 694 3294 a.
709 3247 780 3297 ,1065
803 3248 932 3296 excidisse
957 3247 1021 3295 duos

92 3312 327 3374 hendecasyllabos
355 3329 408 3361 cum
431 3315 524 3363 adonio
546 3314 606 3362 atrilii
625 3328 776 3376 persuasum
799 3320 845 3364 est.
874 3314 940 3362 idem
962 3327 1021 3360 cen·

90 3381 149 3429 suit
174 3378 228 3427 Gli.
258 3374 270 3444 Η
299 3379 456 3430 NVNTIVS
472 3404 478 3418 ·
493 3378 935 3431 flueren-ANDROMAOHA
958 3378 983 3427 E
997 3386 1020 3438 ψ

89 3447 117 3498 N
122 3445 260 3496 VNTIVS
275 3471 281 3484 ·
296 3447 553 3498 ANDROMAOHA
567 3474 573 3486 ·
587 3448 737 3499 HECVBA
749 3451 774 3498 Α
786 3445 798 3515 ss
811 3448 876 3497 1066
889 3446 957 3496 dura
969 3445 1018 3509 nu

90 3514 161 3564 dira
180 3513 206 3562 Α
230 3509 242 3580 [l
266 3515 331 3565 1067
350 3516 468 3566 bissenis
486 3524 510 3579 qt
533 3513 545 3583 ll
569 3517 634 3567 1068
653 3517 719 3579 quid
737 3524 775 3579 εψ
795 3514 866 3579 quod
884 3514 909 3562 A
933 3511 945 3579 ll
