2484 4044
613 251 757 300 rucuurl

354 391 404 452 ilie
420 391 550 453 ferocem
568 393 652 453 iussit
666 390 807 453 Achillem

354 476 473 555 pulsare
488 477 592 555 lyram.

356 562 445 640 fregit
460 563 589 632 Danaos,
606 562 696 639 fregit
711 562 852 622 Atridem.

354 664 445 724 regua
462 648 569 708 euertit
584 646 707 715 Priami,
725 644 820 707 claras

355 732 443 792 diruit
458 731 556 792 urbes.

396 867 432 927 Et
447 885 526 927 nunc
541 866 657 928 animus
672 866 742 945 quid
759 866 834 927 ierat
848 865 953 928 horret

355 952 400 1013 uis
415 953 536 1013 immitis
551 951 680 1013 uiolenta
696 952 753 1012 dei.

632 1166 734 1214 NERO.

270 1289 295 1351 Ο
311 1289 389 1350 lenta
404 1292 527 1351 nimium
545 1288 645 1350 militis
661 1291 753 1350 nostri
772 1306 875 1350 manus

228 1385 257 1435 at
271 1378 315 1436 ira
331 1376 445 1453 patiens
461 1381 528 1455 post
543 1375 626 1434 nefas
641 1381 753 1435 tantum
772 1392 851 1442 mea,

227 1459 306 1538 quod
322 1478 382 1520 non
398 1478 487 1521 cruor
503 1459 597 1520 ciuilis
613 1477 752 1520 accensas
767 1458 847 1518 iaces

227 1546 371 1620 extinguit
385 1546 414 1605 in
432 1563 487 1605 nos
504 1545 593 1605 caede
610 1564 665 1605 uec
680 1542 781 1621 popuii
797 1543 896 1603 madet

227 1629 349 1690 funerea
365 1629 457 1691 Roma
473 1648 547 1707 quac
564 1630 645 1691 uiros
660 1627 734 1688 tales
748 1627 823 1688 tulit.

227 1722 257 1773 et
272 1712 320 1772 illa
338 1714 383 1774 cui
398 1733 446 1774 me
462 1715 571 1774 ciuium
588 1714 696 1775 subicit
709 1714 794 1773 furor

226 1806 361 1877 suspecta
378 1799 505 1859 coniunx
522 1806 551 1860 et
566 1817 651 1860 soror
667 1816 786 1877 semper
802 1796 886 1866 mihi,

226 1883 343 1943 tandem
361 1881 455 1943 dolori
472 1884 607 1961 spiritum
625 1883 729 1944 reddat
744 1901 809 1943 meo

228 1969 360 2046 iramque
376 1976 507 2030 nostram
524 1969 665 2045 sanguine
681 1968 831 2045 extinguat
845 1984 908 2028 suo.

227 2052 353 2113 admissa
369 2053 420 2114 sed
436 2054 494 2113 iam
510 2060 605 2113 morte
620 2053 721 2132 puniri
736 2070 841 2129 parum
858 2058 916 2121 est,

227 2139 365 2213 grauiora
380 2140 489 2198 meruit
504 2139 625 2216 impium
643 2136 737 2214 plebis
754 2136 864 2197 scelus:

227 2239 294 2281 mox
312 2228 386 2282 tecta
401 2221 526 2283 flammis
541 2222 699 2302 coricidant
713 2220 797 2281 urbis
812 2221 900 2290 rucis,

226 2307 310 2381 ignes
325 2307 429 2367 ruinae
445 2308 563 2367 noxium
579 2304 721 2385 populum
738 2313 873 2382 premant

225 2392 380 2470 turpisque
396 2400 510 2470 egestas
526 2409 614 2451 saeua
632 2410 697 2451 cum
713 2389 795 2449 luctu
811 2389 913 2450 fames.

226 2474 352 2536 exsultat
366 2478 469 2553 ingens
484 2475 594 2537 saeculi
609 2476 702 2536 nostri
718 2473 804 2533 bonis

226 2569 363 2640 corrupta
381 2560 466 2621 turba
482 2580 537 2621 nec
553 2562 631 2639 capit
646 2559 830 2620 clementiam

224 2645 337 2721 ingrata
354 2653 485 2705 nostram
502 2644 581 2705 ierre
598 2662 653 2705 nec
668 2662 770 2723 pacem
787 2651 893 2722 potest.

225 2728 276 2787 sed
292 2729 423 2806 inquieta
438 2732 554 2807 rapitur
569 2730 638 2790 hiac
654 2729 789 2800 audacia,

224 2812 294 2873 hinc
308 2813 473 2889 temeritate
487 2814 584 2876 fertur
599 2816 628 2874 io
644 2830 788 2891 praeceps
803 2829 865 2873 sua.

292 3052 342 3102 8³2
360 3067 448 3118 regna
465 3067 534 3104 corr.
554 3068 589 3102 ex
607 3051 703 3116 regina
721 3051 783 3099 R12
807 3046 811 3114 1
829 3049 921 3100 claras
938 3067 985 3101 om.
1004 3052 1073 3106 313
1099 3061 1159 3110 cir·

225 3117 282 3168 cuit
299 3133 397 3182 cprscr.
418 3120 436 3169 l.
456 3119 539 3169 diruit
556 3119 577 3169 0
592 3116 604 3185 11
625 3118 732 3169 NERO.
751 3135 773 3169 ω
794 3114 798 3183 1
827 3116 876 3170 887
895 3122 1002 3169 tantum
1020 3123 1117 3177 nefas
1138 3128 1159 3177 C

223 3186 285 3236 312
304 3190 392 3237 tanet.
406 3187 486 3253 noph.
503 3190 529 3238 V
543 3187 625 3239 nefas
637 3190 746 3236 tantum
758 3187 785 3236 A
796 3183 885 3253 31311
901 3187 951 3239 838
969 3188 1039 3252 quid
1051 3192 1129 3245 312
1145 3198 1159 3259 11

224 3255 273 3307 839
291 3254 320 3304 in
339 3269 389 3304 uos
407 3252 540 3322 31311113
563 3257 587 3307 V
598 3251 671 3321 11840
690 3254 802 3304 funesta
819 3254 881 3305 312
892 3251 905 3322 11
916 3255 976 3305 uiro
988 3257 1056 3308 313
1068 3255 1083 3325 11
1099 3264 1158 3314 su

223 3325 297 3389 pulrr
313 3319 524 3390 31311841842
540 3331 600 3388 post
612 3341 635 3373 u.
649 3324 699 3375 846
717 3326 888 3375 conlocandos
902 3325 1001 3388 putaui.
1014 3319 1026 3390 11
1044 3325 1105 3380 848
1129 3336 1161 3381 et

222 3392 272 3440 illc
290 3408 312 3441 ω
331 3396 366 3439 ot
383 3390 433 3440 illa
450 3390 500 3442 Bo.
518 3388 530 3455 11
554 3391 672 3441 subiecit
690 3392 714 3440 Α
734 3389 835 3440 subicit
852 3392 916 3442 313
932 3393 959 3441 V
967 3393 1035 3442 Patr.
1057 3390 1063 3460 1
1099 3400 1161 3450 845

223 3457 307 3506 dedat
324 3454 481 3522 31311849
498 3459 579 3506 rictu
597 3459 628 3506 ci.
646 3459 700 3507 BP.
720 3459 753 3519 cf.
772 3459 852 3510 Herc.
872 3463 922 3510 695
943 3460 1005 3525 Hy.
1025 3464 1051 3513 5.
1073 3459 1077 3527 1
1099 3466 1159 3519 851

294 3524 311 3538 “’
337 3519 379 3562 '¹¹¹
395 3525 445 3572 883
463 3522 527 3570 hruc
545 3523 607 3573 313
631 3520 642 3588 11
664 3525 796 3575 854h1u0
815 3528 877 3577 313
902 3524 914 3593 11
