2544 4046
229 215 290 279 108
499 229 532 276 n.
556 227 690 276 annam
713 227 870 278 sennenn

228 388 288 430 uno
304 369 370 430 auia
385 376 473 447 partu
488 367 600 429 liberos
615 370 732 447 peperit
747 369 812 429 uiro

229 472 263 516 ac
279 453 334 514 sibi
350 460 483 531 nepotes.
509 458 641 514 rnonstra
658 454 723 530 quis
739 459 819 513 tanta
836 450 978 530 explicat?

230 557 284 617 ego
301 540 364 616 ipse
379 539 475 599 uictae
490 537 582 616 spolia
599 538 649 616 qui
665 537 803 614 Sphingis
819 536 882 606 tuli,

228 622 359 684 haerebo
376 623 426 683 lati
442 623 543 683 tardus
557 624 706 700 interpres
721 623 789 683 mei.

195 698 217 757 θ’
272 710 334 769 Ant
336 752 880 769 ...........

197 1129 215 1178 b
273 1127 378 1204 Oedipo.
395 1128 471 1199 Quid
487 1127 586 1206 perdis
601 1127 678 1189 ultra
692 1126 804 1188 uerba?
821 1128 890 1206 quid
907 1137 1011 1206 pectus
1026 1127 1130 1189 lerum
1174 1135 1220 1183 tto

227 1211 343 1273 mollire
357 1220 453 1274 tentas
469 1211 627 1291 precibus?
648 1212 704 1272 hoc
719 1214 817 1273 anirno
833 1213 917 1273 sedet

187 1323 189 1329 ·
228 1297 379 1358 effundere
395 1298 472 1358 hane
488 1315 555 1358 cum
571 1305 668 1358 morte
684 1295 844 1359 luctantem
860 1297 909 1357 diu

227 1384 356 1443 animant
373 1390 401 1443 et
417 1381 557 1443 tenebras
572 1388 688 1458 petere,
713 1399 781 1442 narn
797 1381 902 1443 sceleri
917 1381 990 1442 haec
1005 1399 1072 1443 meo

227 1484 333 1544 parurn
350 1466 406 1527 alta
424 1485 482 1527 nox
498 1474 551 1536 est,
568 1467 693 1527 Tartaro
710 1466 797 1527 condi
812 1468 896 1528 iuuat
1252 1516 1253 1537 ,

228 1558 257 1611 et
272 1552 297 1611 si
312 1552 381 1629 quid
398 1550 476 1612 ultra
491 1550 647 1612 Tartarum
666 1558 719 1611 est.
747 1551 865 1611 tandem
881 1550 953 1611 libet
1168 1555 1216 1606 tta
1252 1572 1253 1623 3

228 1635 307 1712 quod
323 1633 392 1695 olim
409 1642 535 1713 oportet.
563 1642 659 1696 morte
674 1634 827 1712 prohiberi
842 1635 920 1696 haud
936 1653 1023 1714 queo.

187 1710 214 1768 b'
272 1719 397 1780 Ferrum
414 1719 555 1797 negabis?
572 1722 676 1781 noxias
690 1718 772 1797 lapso
789 1721 851 1781 uias

227 1802 329 1865 eludes
345 1812 374 1864 et
389 1806 461 1866 artis
477 1803 551 1864 oolla
566 1804 678 1884 laqueis
693 1805 785 1865 inseri

226 1887 416 1967 prohibebis?
438 1888 547 1949 herhas
563 1908 638 1968 quae
654 1888 753 1950 lerunt
768 1888 861 1951 letutn
877 1888 1011 1949 auferes?

130 1971 155 2015 Γ
228 1973 367 2052 qtlldista
385 1974 502 2035 tandem
518 1991 589 2034 cura
605 1973 741 2051 proficiet
756 1975 823 2034 tua?
1164 1978 1213 2027 15⁰
1252 1984 1253 1987 ’

227 2057 338 2137 ubique
353 2076 435 2120 mors
450 2066 503 2119 est.
530 2067 651 2137 optume
667 2058 724 2118 boc
740 2059 818 2119 cauit
834 2058 915 2119 deus.
1252 2052 1253 2065 ¹

228 2143 346 2221 eripere
362 2144 451 2204 tritarn
468 2160 556 2204 nemo
572 2161 631 2202 non
648 2142 761 2202 borbini
777 2150 883 2222 potest,

226 2235 257 2288 at
272 2245 358 2289 nerno
373 2235 514 2289 mortem:
532 2226 610 2288 mille
626 2226 662 2287 ad
678 2227 755 2288 hanc
770 2228 866 2288 aditus
880 2233 989 2307 patent.

175 2308 214 2368 b''
270 2311 315 2373 Nil
331 2330 456 2393 quaero:
474 2313 577 2373 dextra
593 2318 694 2372 noster
710 2320 739 2373 et
754 2312 832 2373 nuda
847 2309 922 2373 solet

227 2397 303 2460 bene
319 2399 434 2459 animus
454 2398 504 2458 uti.
531 2397 634 2457 dextra
651 2414 730 2457 nunc
746 2403 806 2457 toto
822 2397 934 2475 impetu

227 2489 288 2542 toto
305 2482 407 2544 dolore
422 2481 536 2544 uiribus
551 2482 620 2542 totis
637 2482 714 2541 ueni,
889 2546 901 2552 „

226 2583 286 2625 non
304 2567 417 2627 destino
432 2585 525 2628 unum
542 2564 658 2627 uulneri
674 2573 775 2625 nostro
791 2565 905 2626 locurn:

226 2658 306 2710 totus
320 2668 432 2711 nocens
446 2669 526 2711 sunr:
544 2668 601 2728 qna
617 2648 699 2711 uoles
714 2659 840 2710 mortem
858 2650 950 2727 exige.

226 2733 350 2809 effringe
359 2742 469 2812 pectus
484 2752 594 2813 corque
609 2741 652 2794 tot
666 2733 813 2795 scelerum
830 2751 921 2812 capax

227 2816 333 2887 euelle,
350 2826 427 2879 totos
443 2819 590 2878 uiscerum
607 2817 685 2879 nuda
701 2820 792 2879 sinus.

184 2902 217 2961 θ’
272 2903 410 2964 Fractunr
426 2903 552 2964 incitatis
568 2902 674 2965 ictibus
690 2910 792 2981 guttur
807 2909 893 2966 sonet

226 2986 400 3066 laceraeque
416 2987 481 3049 lixis
496 2985 645 3065 unguibus
661 3005 757 3049 uenae
772 2988 873 3048 fluant.

229 3116 428 3125 ——-

295 3172 343 3223 137
362 3187 396 3222 ae
409 3174 463 3224 sibi
476 3175 501 3224 Α
521 3179 551 3224 et
563 3181 622 3238 squ
641 3172 696 3223 sibi
715 3178 744 3224 et
756 3172 782 3223 Ε
805 3170 817 3240 Η
841 3174 964 3240 explicet
976 3172 1001 3221 A
1022 3170 1147 3237 explicet

224 3239 250 3290 E
261 3236 274 3308 ΙΙ
286 3240 334 3291 139
346 3239 522 3306 haereboque
535 3238 561 3293 Ε
574 3256 624 3307 qne
637 3257 684 3294 om.
699 3243 733 3291 Α.
753 3243 899 3307 Antiponoe
912 3242 1053 3293 orationem
1064 3242 1144 3290 iater-

225 3311 318 3361 eidiece
330 3309 395 3360 uidit
404 3307 544 3367 Swoboda;
557 3312 671 3361 lacunam
682 3312 763 3360 statui
777 3311 804 3360 V
813 3325 929 3361 uersuum
940 3305 952 3375 ll
965 3309 1013 3358 14⁷
1025 3307 1108 3372 lapsu
1120 3307 1145 3357 Ε

224 3377 304 3443 lapso
317 3377 342 3427 A
361 3392 440 3427 saxa
458 3376 581 3442 lapsuro
599 3377 686 3428 inuia
703 3381 735 3428 ei.
749 3378 824 3428 NHe.
847 3379 859 3444 ΙΙ
881 3378 930 3430 tna
947 3376 1060 3427 conieci:
1078 3375 1146 3425 totis

224 3461 281 3496 rue
305 3444 317 3512 ll
341 3447 388 3497 15⁷
409 3443 524 3495 destina
541 3446 572 3498 ci.
587 3446 662 3496 NHs.
687 3441 698 3512 {l
724 3446 772 3496 too
796 3460 843 3495 eor
863 3461 896 3497 us
915 3457 1016 3510 corque
1034 3459 1055 3494 ω
1073 3458 1144 3494 corr.
1172 3434 1180 3451 ⁸

224 3512 301 3566 NHc.
324 3509 337 3580 Η
361 3515 409 3564 162
426 3511 575 3565 leceraeue
594 3517 618 3565 Α
646 3513 813 3577 laceraeque
879 3510 892 3580 ll
