2504 4040
493 266 641 314 ouurrvs
717 245 732 268 ⁸

71 405 98 462 b'
152 405 308 465 Scrutatur
324 405 429 465 auidus
443 405 578 466 manibus
595 407 677 467 uncis
692 406 818 469 lunrina:

106 489 206 550 radice
223 488 259 549 ab
275 491 333 548 ima
351 490 482 549 funditus
496 490 597 550 uulsos
612 491 699 551 simul

106 574 220 634 euoluit
235 573 335 634 orbes,
366 575 473 645 haeret,
484 576 513 634 iu
530 594 623 636 uacuo
640 594 745 638 manus

105 665 135 717 et
149 658 205 717 lixa
222 661 339 735 penitus
354 659 504 736 unguibus
520 659 630 720 lacerat
645 678 734 721 cauos

104 742 163 802 alte
178 760 314 803 recessus
329 742 473 804 luminum
490 753 518 805 et
534 746 637 805 inanes
653 746 733 806 sinus

103 829 258 906 saeuitque
274 828 384 888 irustra
400 828 526 907 plusque
542 847 629 908 quam
646 832 716 889 satis
732 840 776 890 est
792 830 871 891 lurit.

65 912 94 970 d'
148 911 275 972 Tantum
291 920 336 971 est
351 913 496 990 periclum
511 912 593 974 lucis
625 913 730 974 attollit
746 924 835 992 caput

103 997 245 1074 cauisque
260 996 390 1056 lustrans
406 997 528 1058 orbibus
545 998 616 1058 caeli
632 998 732 1077 plagas

101 1090 220 1142 noctem
238 1084 398 1159 experitur.
430 1083 569 1160 qrricquid
586 1084 699 1143 effossis
716 1083 791 1144 male

101 1165 251 1243 dependet
266 1166 374 1236 oculis,
391 1169 501 1243 rumpit
517 1175 545 1226 et
560 1169 656 1227 uictor
674 1168 745 1228 deos
1037 1183 1086 1231 995

102 1248 269 1310 conclamat
284 1252 395 1311 omnis:
421 1252 550 1328 ‘parcite
566 1252 625 1312 beu
641 1254 753 1329 patriae
768 1271 890 1331 precor:

100 1334 158 1394 iam
175 1337 250 1395 iusta
267 1336 337 1401 feci.
356 1336 469 1396 debitas
485 1353 595 1412 poenas
612 1337 673 1397 tuli.
772 1368 775 1373 <

99 1420 221 1479 inuenta
238 1419 375 1480 thalamis
391 1422 479 1498 digna
497 1438 555 1480 nox
573 1421 690 1482 tandem
707 1422 801 1481 meis.’

99 1504 200 1579 rigat
216 1522 267 1563 ora
284 1505 388 1565 foedus
402 1504 522 1565 imber
538 1513 567 1565 et
582 1506 712 1566 lacerum
730 1515 832 1585 caput,

98 1586 216 1663 largum
232 1588 360 1649 reuulsis
376 1591 548 1666 sauguinem
564 1591 648 1650 uenis
663 1593 764 1651 uomit.
783 1627 820 1635 -

483 1857 631 1905 cuoevs.
677 1827 680 1833 ’

56 2038 76 2071 a
271 2012 348 2072 Fatis
364 2013 493 2088 agimur:
517 2015 611 2073 cedite
626 2014 701 2075 latis

227 2114 286 2156 non
303 2095 443 2156 sollicitae
460 2108 584 2176 possunt
602 2117 690 2159 curae

226 2191 339 2240 mutare
356 2184 411 2240 rati
426 2183 548 2241 stamina
566 2184 631 2243 lusi.

255 2350 415 2429 Quicquid
433 2352 559 2429 patimur
576 2351 700 2412 mortale
717 2371 826 2430 genus,

226 2436 364 2512 quicquid
382 2435 522 2503 iacimus,
540 2437 672 2496 ueniter
689 2436 747 2497 alte

224 2527 381 2599 seruatque
397 2538 468 2580 suae
484 2521 603 2580 decreta
620 2520 703 2581 colus

225 2602 362 2663 lachesis
379 2605 450 2665 dura
468 2604 602 2664 reuoluta
619 2623 717 2666 uranu.

268 2771 370 2833 Omnia
387 2781 471 2833 recto
486 2776 603 2835 tramite
619 2775 732 2835 uadunt

224 2859 397 2935 primusque
413 2858 476 2919 dies
492 2858 573 2919 dedit
589 2868 764 2921 extremum.

224 2958 282 3000 nou
300 2940 347 3001 illa
364 2943 418 3002 deo
436 2944 561 3003 uertisse
577 2942 645 3004 licet

223 3044 298 3102 quae
315 3045 387 3086 nexa
405 3030 465 3087 suis
482 3037 606 3087 currunt
622 3031 727 3089 causis.

159 3282 209 3329 991
229 3286 273 3329 sat
291 3284 334 3330 est
352 3282 439 3331 eitra
458 3282 528 3330 setis
541 3286 584 3331 est
601 3283 626 3332 A
639 3279 650 3347 ll
662 3285 711 3333 992
731 3283 820 3332 Tanti
838 3289 881 3334 est
899 3285 974 3336 NHs.
996 3286 1008 3348 ll

85 3350 139 3399 995
159 3347 291 3412 dependit
308 3348 333 3396 E
350 3346 362 3413 ll
379 3351 428 3399 996
448 3365 482 3398 en
501 3351 546 3400 εΑ
565 3350 619 3399 heu
637 3354 678 3413 dr?
695 3347 707 3416 ΙΙ
724 3354 772 3401 999
792 3353 868 3401 iussa
886 3368 907 3400 ω
925 3351 1009 3401 iusta

85 3417 166 3466 NHa.
180 3412 192 3480 ΙΙ
206 3418 271 3465 1000
289 3421 385 3466 uomet
402 3416 427 3464 E
439 3414 450 3482 ΙΙ
464 3419 526 3467 1001
548 3419 688 3482 egerimur
707 3415 749 3481 (er
761 3422 810 3469 del.
825 3436 855 3468 m.
868 3418 930 3481 sec.)
949 3419 975 3467 E
995 3421 1008 3482 ll

84 3483 195 3534 credite
208 3482 262 3547 Εψ
277 3484 367 3534 cedite
381 3486 405 3534 A
418 3481 429 3550 Η
443 3487 508 3535 1006
521 3500 587 3536 suae
600 3487 656 3535 EA
669 3501 719 3536 sua
732 3494 755 3550 ψ
768 3484 779 3552 ΙΙ
792 3489 858 3538 1008
871 3491 946 3537 secto
959 3487 1008 3551 Eo

83 3557 167 3616 septo
186 3550 346 3601 Boccacciue
365 3557 440 3602 certo
460 3554 483 3602 A
504 3560 595 3603 recto
617 3554 694 3605 Groo.
719 3551 730 3618 ll
844 3556 849 3563 '
