2576 4044
433 275 614 325 HEROVLES
632 263 822 346 [osrasvs]
1024 265 1087 329 379
1131 276 1134 281 ⁴

169 416 218 476 liic
234 417 475 489 uincetanimus,
507 424 591 493 capta
607 419 768 500 praeripiet
783 419 882 479 torosi
1105 432 1154 482 290

168 500 265 560 adhuc
279 500 420 562 timebam
437 508 584 570 monstra,
601 501 658 561 iam
674 501 788 562 nullum
803 511 848 563 est
863 501 983 564 malum.

167 602 287 645 cessere
302 593 413 663 pestes,
430 587 460 645 in
476 584 576 646 locum
591 587 673 645 uenit
688 587 770 646 ferae

166 671 260 730 inuisa
276 668 389 746 paelex.
420 687 535 730 summe
550 687 605 747 pro
620 678 721 730 rector
737 673 824 730 deum

165 762 196 815 et
211 752 290 814 clare
306 753 393 814 Titan
409 753 545 815 Herculis
560 761 674 814 tantum
691 753 733 813 fui

166 841 297 898 coniunx
312 840 451 899 timentis.
482 846 551 898 ueta
567 854 644 915 quae
659 841 775 917 superis
791 837 857 907 tuli,

164 941 283 983 cessere
299 930 416 1000 captae,
433 922 539 1001 paelici
555 922 624 983 felix
639 922 690 984 fui.

166 1006 208 1068 illi
224 1025 306 1067 meas
322 1006 444 1067 audistis
459 1025 477 1066 a
492 1009 593 1085 superi
608 1025 723 1085 preces.

165 1089 320 1152 incolumis
335 1091 377 1152 illi
393 1100 515 1153 remeat.
546 1111 563 1152 ο
579 1092 658 1153 nulla
674 1092 759 1159 dolor

168 1183 306 1236 contente
321 1194 417 1256 poena
434 1194 544 1255 quaere
560 1176 705 1256 supplicia
721 1178 841 1237 horrida

164 1261 323 1336 incogitata
338 1261 469 1321 infanda.
500 1262 644 1323 lunonem
660 1262 734 1323 dece

136 1362 138 1366 ⁴
163 1344 234 1421 quid
252 1345 317 1405 odia
333 1344 467 1406 ualeant:
491 1348 585 1406 nescit
599 1348 688 1406 irasci
702 1346 782 1406 satis.

164 1446 219 1506 pro
237 1446 283 1488 me
299 1428 425 1505 gerebas
440 1428 534 1499 bella,
551 1436 675 1507 propter
690 1448 738 1490 me
753 1448 844 1508 uagas

165 1511 311 1574 Achelous
327 1513 421 1573 undas
436 1514 580 1591 sanguine
594 1514 781 1584 infecit-suo,
962 1576 965 1581 ⁴

163 1615 232 1657 cum
249 1596 326 1658 lenta
342 1615 467 1676 serpens
482 1599 581 1667 fieret,
599 1600 629 1657 in
645 1607 763 1659 taurum
779 1605 895 1660 trucem

163 1699 244 1741 nune
259 1681 392 1743 flecteret
406 1690 546 1762 serpente
562 1682 694 1761 deposita
710 1685 819 1753 minas,

161 1774 195 1826 ct
211 1764 290 1826 mille
306 1769 335 1826 in
350 1767 435 1827 hoste
450 1768 587 1828 uinceres
602 1785 662 1827 uno
679 1768 767 1829 feras.
820 1814 826 1828 .

161 1851 220 1911 iam
237 1850 440 1930 displicemus
458 1861 542 1931 capta
559 1851 688 1929 praelata
705 1860 749 1913 est
764 1853 845 1914 mihi.

162 1953 221 1994 non
237 1937 438 2014 praeferetur:
462 1939 513 2013 qui
529 1935 592 1996 dies
606 1936 726 1997 thalami
741 1937 862 1998 ultimus

158 2022 254 2080 nostri
271 2028 315 2079 est
329 2021 460 2090 futurus,
478 2022 526 2080 hic
542 2022 599 2081 erit
613 2023 691 2081 ultae
706 2027 783 2082 tuae.

157 2103 232 2182 quid
246 2105 323 2163 hec?
347 2105 460 2165 recedit
474 2106 589 2165 animus
605 2113 634 2166 et
648 2107 733 2182 penit
748 2107 856 2176 minas,

159 2189 219 2246 iam
235 2196 334 2248 cessat
348 2190 401 2248 ira.
433 2189 503 2268 quid
520 2190 611 2249 miser
626 2189 748 2265 langues
764 2188 868 2250 dolor?

160 2271 261 2350 perdis
276 2273 429 2341 furorem,
446 2274 579 2351 coniugis
595 2275 700 2333 tacitae
715 2273 803 2335 fidem

160 2354 232 2415 mihi
247 2355 482 2417 reddisiterum.
513 2357 582 2434 quid
598 2365 683 2418 uetas
698 2356 831 2419 flammas
847 2357 903 2419 alil

156 2440 229 2518 quid
247 2441 358 2518 frangis
373 2441 474 2518 ignes?
498 2441 578 2501 hunc
593 2441 666 2501 mihi
681 2460 766 2503 serua
783 2445 935 2523 impetum.
958 2480 1001 2490 -—

158 2542 247 2601 pares
263 2541 394 2594 eramus,
412 2543 472 2586 non
488 2532 551 2586 erat
567 2528 644 2585 uotis
660 2544 744 2605 epus.

157 2608 254 2668 aderit
269 2627 398 2670 nouerca
415 2629 491 2689 quae
507 2627 613 2670 manus
628 2620 745 2671 nostras
760 2620 846 2690 regat

157 2711 214 2753 aee
230 2695 375 2754 inuncata.
471 2748 475 2755 .

154 2792 260 2838 iiviri.
416 2779 494 2858 quod
511 2797 598 2857 paras
614 2780 735 2842 demens
751 2781 864 2842 scelus?

157 2864 286 2940 perimes
303 2864 440 2924 maritum
457 2867 541 2926 euius
557 2873 707 2926 exiremus
723 2866 786 2926 dies

156 2949 331 3026 primusque
346 2946 449 3009 laudes
464 2950 548 3010 nouit
563 2959 592 3010 et
608 2949 688 3011 caelo
705 2958 791 3012 tenus

153 3040 254 3093 erecta
272 3041 366 3093 terras
382 3032 458 3094 fama
475 3037 644 3114 suppositas
658 3034 766 3096 habet?
1093 3049 1143 3099 320

224 3286 273 3335 293
291 3289 433 3417 protector
451 3303 472 3337 ω
489 3288 677 3352 ρτοὶίτεοῐοι·
694 3290 809 3353 Lipsius.
833 3285 847 3355 [l
868 3292 918 3341 306
936 3252 973 3340 Et
985 3309 1012 3342 ca
1031 3292 1074 3341 vt

152 3349 371 3471 dededaunus
383 3418 394 3488 Η
407 3424 455 3473 311
469 3425 554 3476 cessit
566 3426 607 3474 εΑ
626 3424 746 3474 cecidit
762 3426 804 3475 cel
820 3430 924 3476 cessat
936 3426 1053 3478 lortinus
1065 3424 1073 3495 ll

154 3488 205 3536 312
224 3487 328 3539 tacitae
347 3487 372 3536 E
391 3494 508 3541 sanetae
527 3493 552 3541 Α
574 3490 586 3557 ll
608 3495 658 3543 315
675 3497 769 3557 patres
789 3492 813 3540 E
835 3508 917 3556 pares
936 3496 961 3545 Α
985 3491 997 3561 ΙΙ
1021 3496 1075 3546 eri·

154 3569 214 3604 mus
232 3554 258 3603 E
269 3556 367 3606 31011
387 3572 495 3610 eramus
513 3559 538 3608 Α
551 3556 562 3625 ΙΙ
576 3561 629 3609 erit
647 3561 687 3611 εΑ
707 3565 767 3611 erat
785 3560 869 3612 RBo.
893 3559 904 3628 ΙΙ

326 3353 376 3404 308
398 3356 568 3419 perferetur
588 3356 638 3408 Bo.
668 3353 680 3424 ll
710 3359 759 3407 310
782 3356 887 3407 recedit
909 3375 931 3408 ω
960 3359 1074 3409 resedit
