2544 4046
245 239 286 304 66
532 254 563 302 n.
581 255 714 302 unuani
730 254 887 304 sanncan

246 393 373 455 debebat
388 394 479 454 armis
492 392 574 455 orbis
590 399 620 453 et
635 395 786 492 geminum
803 412 886 457 mare

245 481 396 556 utrimque
412 477 522 540 classes
537 496 642 556 agere,
660 479 716 537 iam
732 478 859 549 dammis
874 499 962 559 agros

244 563 345 624 lucere
362 570 391 624 et
406 563 496 624 urbes
512 563 611 623 decuit
626 581 661 623 ac
676 564 811 625 strictum
828 565 959 645 undique

244 650 355 708 micare
371 648 493 708 serrum.

534 732 606 792 Tota
624 731 678 793 sub
695 739 798 793 nostro
815 742 902 794 sonet

246 815 373 896 argolica
389 816 475 877 tellus
492 818 603 896 equite,
621 835 680 876 non
696 816 788 877 siluae
803 825 905 895 tegant

245 903 362 963 hostem
379 919 435 962 nec
451 901 516 961 altis
534 902 677 962 montium
694 909 824 962 structae
839 904 916 980 iugis

245 1004 339 1047 arces
367 985 477 1047 relictis
492 984 631 1046 bellicum
648 993 726 1046 totus
741 992 828 1046 canat

240 1070 370 1149 'populus
386 1070 526 1149 Mycenis.
553 1072 686 1148 quisquis
702 1072 829 1131 inuisum
845 1077 935 1150 caput

245 1157 317 1234 tegit
332 1172 365 1214 ac
381 1161 480 1215 tuetur
496 1154 580 1215 clade
595 1157 710 1216 lunesto
726 1154 849 1216 occidat.

245 1240 319 1301 haec
334 1240 397 1318 ipsa
413 1238 528 1318 pollens
543 1239 637 1300 incliti
650 1238 769 1318 Pelopis
785 1240 891 1300 domus

245 1331 312 1386 ruat
327 1323 374 1385 uel
389 1325 420 1383 in
436 1343 493 1394 me,
511 1324 671 1385 dummodo
687 1326 717 1384 in
733 1325 856 1385 fratrem
872 1332 949 1387 ruat

209 1427 227 1479 b
288 1411 349 1488 Age
366 1411 462 1471 anima
477 1410 523 1470 iac
538 1409 617 1488 quod
634 1407 714 1468 nulla
730 1411 887 1488 posteritas
903 1409 1020 1487 probet,

246 1493 298 1557 sed
315 1493 395 1555 nulla
412 1500 517 1556 taceat.
545 1492 662 1573 aliquod
679 1494 846 1554 audendum
863 1501 908 1554 est
924 1495 1008 1554 naias

245 1586 330 1639 atrox
346 1585 506 1639 cruentum
522 1578 581 1639 tale
597 1578 676 1657 quod
693 1578 784 1638 irater
800 1595 884 1638 meus
983 1622 987 1630 .

245 1681 331 1723 suum
348 1680 414 1723 esse
429 1661 539 1724 mallet.
567 1663 682 1723 scelera
697 1681 757 1722 non
774 1662 925 1723 ulcisceris
1184 1684 1224 1733 195

245 1748 300 1807 nisi
315 1748 420 1807 uincis.
435 1782 479 1795 —-
495 1747 600 1827 ecquid
617 1766 683 1808 esse
698 1755 757 1806 tam
774 1765 895 1807 saeuum
912 1752 1010 1825 potest

245 1832 323 1910 quod
340 1840 461 1909 superet
476 1829 579 1892 illum‘l
599 1832 743 1911 numquid
758 1831 892 1893 abiectus
907 1831 1001 1892 iacetl

206 1922 231 1982 b'
289 1916 436 1994 Numquid
453 1917 592 1977 secundis
608 1918 719 1995 patitur
735 1918 765 1976 in
781 1915 873 1976 rebus
888 1916 1020 1986 modum,

243 2000 328 2061 fessis
344 2002 493 2078 quietem?
516 2004 586 2062 noui
602 2018 657 2078 ego
673 2002 825 2079 ingenium
843 2002 900 2060 uiri

243 2084 384 2146 indocile:
401 2084 479 2146 flecti
495 2104 554 2147 non
570 2093 677 2164 potest,
694 2086 791 2163 frangi
807 2091 912 2162 potest.

243 2170 370 2248 proinde
386 2177 542 2249 antequam
558 2190 590 2232 se
606 2171 704 2230 firmat
719 2178 769 2230 aut
784 2171 865 2230 uires
881 2175 966 2248 parat

243 2263 359 2333 petatur
374 2254 469 2316 ultro:
494 2274 531 2316 ne
548 2256 750 2333 quiescentem
765 2261 855 2332 petat.

243 2348 294 2400 aut
308 2340 429 2419 perdet,
446 2347 496 2401 aut
511 2340 634 2420 peribit,
651 2341 682 2399 in
698 2339 796 2399 medio
813 2344 857 2399 est
872 2336 969 2398 scelus

244 2427 374 2503 positum
391 2427 557 2504 occupanti.

209 2542 223 2576 c
285 2521 358 2570 san.
592 2509 683 2569 Fama
701 2514 728 2567 te
745 2506 847 2586 populi
863 2506 934 2567 nihil

242 2592 366 2654 aduersa
382 2594 492 2655 terret?

241 2690 320 2737 nun.
526 2679 685 2738 maximum
701 2676 759 2736 hoc
774 2678 858 2754 regni
874 2676 985 2738 bonum
1003 2683 1055 2746 est,
1180 2696 1228 2745 aaa

242 2761 321 2838 quod
337 2760 413 2821 iacta
427 2726 542 2821 domini
558 2763 673 2838 cogitur
689 2760 816 2841 populus
832 2763 877 2822 sui

242 2854 301 2906 tam
316 2846 397 2907 serre
413 2863 501 2924 quam
517 2843 550 2905 la
561 2846 688 2907 udara.

241 2943 316 2991 san.
728 2949 801 3010 quos
817 2931 895 3008 cogit
911 2937 1007 2991 metus

242 3013 411 3084 laudare,
429 3015 547 3076 eosdem
564 3014 661 3076 reddit
676 3016 810 3075 inimicos
826 3022 930 3075 metus.

311 3269 357 3319 181
377 3270 461 3319 armis
480 3268 605 3319 omnisA
630 3283 655 3318 ιι.
675 3268 750 3318 orbis
768 3265 834 3335 ΕΙ
822 3264 834 3336 ΙΙ
867 3268 947 3318 182'
939 3283 1035 3317 innare
1061 3268 1165 3319 classis

242 3338 297 3388 iam
321 3337 377 3386 tuis
399 3337 425 3386 fl.
446 3352 471 3386 a.
489 3337 514 3387 Α
551 3337 688 3400 utrimque
714 3337 818 3387 classes
843 3351 926 3402 agere
955 3337 1009 3385 ism
1033 3335 1053 3384 f.
1079 3335 1105 3383 Ε

242 3406 291 3456 196
314 3404 394 3454 malit
411 3406 436 3454 A
461 3404 558 3455 mallet
575 3403 600 3454 Ε
628 3399 640 3470 ΙΙ
670 3405 718 3455 196
744 3408 772 3455 et
794 3404 859 3470 quid
876 3421 898 3455 ω
928 3402 1034 3467 ecquid
1056 3402 1107 3453 Bo.
1137 3333 1151 3469 ΙΙ

239 3475 289 3522 201
312 3471 402 3522 firmet
424 3489 449 3525 ιι.
468 3488 495 3522 ιι
519 3473 642 3537 paretA
674 3471 765 3521 firmat
788 3488 813 3522 s.
832 3487 859 3521 u.
884 3476 968 3536 parnt
990 3469 1016 3519 Ε
1057 3466 1069 3537 ΙΙ
1110 3474 1174 3543 201

239 3538 360 3602 quami
378 3539 470 3591 tami.
485 3538 623 3588 Atsmf.
644 3539 760 3602 quaml.
780 3535 841 3604 ΕΙΙ
