2576 4044
160 336 163 341 ¹
211 306 274 372 358
600 319 741 367 monum

253 461 300 522 Eu
315 462 377 541 ipse
393 461 469 537 picta
485 466 569 519 ueste
585 457 717 520 sublimis
733 460 808 520 iacet

212 546 324 608 Priami
339 544 482 624 superbas
498 562 624 624 corpore
641 545 762 604 exuuias
776 561 892 622 gerens

213 630 370 691 detrahere
386 629 482 690 cultus
497 647 574 689 uxor
589 627 711 689 hostiles
726 628 823 698 iubet,

212 714 336 775 induere
352 719 450 792 potius
465 715 598 791 coniugis
613 713 688 774 fidae
704 731 793 773 manu

212 808 308 860 textos
324 800 458 859 amictus.

500 882 611 944 horreo
627 890 714 962 atque
729 884 827 943 auimo
842 889 948 944 tremo.

212 985 353 1045 regemne
369 969 497 1046 perimet
512 968 580 1029 exul
596 974 624 1028 et
639 966 753 1028 adulter
767 968 884 1028 uirum?

212 1070 324 1113 uenere
339 1052 413 1121 fata,
430 1054 602 1129 sauguinem
620 1059 771 1113 extremae
787 1051 878 1129 dapes

213 1137 322 1196 domiui
341 1136 485 1198 uidebunt
500 1146 528 1196 et
543 1154 633 1197 cruor
648 1135 761 1196 baccho
777 1135 895 1195 incidet.

253 1220 405 1282 Mortifera
421 1223 554 1282 uinctum
569 1220 700 1300 perfidae
715 1219 812 1280 tradet
827 1221 894 1280 neci

212 1304 313 1366 induta
328 1307 434 1366 uestis:
458 1308 568 1367 exitum
585 1304 724 1365 manibus
740 1310 850 1381 negant

189 1425 191 1429 ·
212 1398 360 1469 caputque
376 1390 433 1451 laxi
449 1399 478 1451 et
492 1392 566 1451 inuii
580 1388 703 1450 cludunt
718 1392 808 1450 sinus.

211 1474 309 1536 haurit
325 1476 461 1536 trementi
477 1478 600 1536 semiuir
615 1474 716 1536 dextra
733 1475 808 1534 latus

212 1576 267 1619 nec
282 1561 399 1637 penitus
415 1562 488 1637 egit:
512 1557 638 1620 uulnere
653 1561 682 1619 iu
699 1558 797 1620 medio
813 1565 920 1636 stupet.

253 1646 290 1704 ht
304 1644 352 1705 ille
368 1651 398 1703 ut
414 1645 479 1706 altis
494 1644 626 1721 hispidus
641 1643 723 1703 siluis
738 1660 810 1720 aper

213 1746 279 1787 cum
297 1746 379 1790 casse
394 1731 511 1789 uinctus
526 1736 650 1807 temptat
666 1745 802 1805 egressus
817 1735 916 1788 tamen

212 1820 347 1892 artatque
362 1822 444 1875 motu
460 1813 557 1875 uincla
574 1822 603 1875 et
617 1815 766 1873 incassum
782 1811 870 1883 furit,

212 1900 294 1975 eupit
308 1897 434 1959 fluentes
449 1899 580 1976 undique
596 1905 625 1958 et
640 1914 745 1958 caecos
760 1897 841 1958 sinus

212 1981 338 2044 disicere
354 1991 383 2043 et
397 1982 512 2043 hostem
529 1984 644 2062 quaerit
658 1981 806 2059 inplicitus
821 1999 916 2043 suum.

253 2069 355 2127 Armet
369 2066 491 2146 bipenni
506 2067 651 2146 Tyndaris
667 2065 801 2127 dextram
817 2066 920 2127 furens

212 2151 365 2230 qualisque
380 2151 415 2211 ad
432 2169 498 2212 aras
514 2150 587 2212 colla
603 2159 757 2212 taurorum
773 2155 840 2227 ptus

213 2236 347 2314 designat
362 2235 455 2297 oculis
470 2246 538 2297 ante
554 2255 641 2315 quam
656 2236 737 2296 ferro
753 2243 848 2312 petat:

214 2322 256 2381 sic
270 2321 329 2381 huc
345 2329 374 2382 et
389 2320 457 2382 illuc
472 2321 583 2401 inpiam
598 2320 687 2381 librat
703 2338 832 2380 manum.

211 2404 316 2477 hahet,
332 2414 487 2486 peractum
503 2415 555 2467 est.
587 2405 697 2486 pendet
711 2408 816 2482 exigua
833 2405 911 2465 male

210 2499 298 2570 caput
313 2499 495 2570 amputatum
512 2496 596 2568 parte
613 2499 641 2551 et
655 2490 725 2551 hinc
741 2497 847 2549 trunco
863 2507 953 2551 cruor
1153 2498 1208 2548 900

211 2574 355 2644 exundat,
370 2574 453 2636 illinc
469 2594 520 2636 ora
537 2593 603 2637 cum
619 2575 740 2636 fremitu
754 2575 861 2634 iacent.

252 2659 389 2721 Nondum
405 2662 558 2721 recedunt.
575 2658 623 2721 ille
638 2662 695 2721 iam
713 2659 847 2720 exanime
862 2661 967 2738 impetit

210 2743 379 2822 laceratque
394 2763 517 2823 corpus,
533 2744 581 2806 illa
598 2744 758 2805 fodientem
776 2742 909 2814 adiuuat,
1077 2758 1101 2804 r.
1117 2759 1204 2804 cxvu

211 2834 336 2906 uterque
352 2836 433 2890 tauto
448 2827 561 2891 scelere
576 2829 737 2909 respondet
752 2830 828 2890 suis:

212 2920 257 2973 est
271 2912 319 2974 hic
334 2914 484 2993 Thyestae
499 2925 606 2991 gnatus
621 2914 695 2975 haec
709 2912 838 2974 Helenae
854 2932 949 2975 soror.
1150 2928 1205 2978 965

211 3005 269 3058 stat
284 3017 354 3060 ecce
369 3000 457 3059 Titan
473 2998 579 3061 dubins
595 2999 718 3061 emerito
735 2999 781 3059 die

212 3099 305 3143 suane
320 3092 421 3144 currat
435 3102 473 3145 an
488 3083 619 3163 thyestea
635 3086 693 3144 uia.

806 3295 818 3323 Θ

281 3339 330 3389 997
349 3338 386 3387 Et
403 3355 425 3389 eo
441 3338 490 3387 En
508 3338 585 3387 Nlis.
608 3333 621 3403 ll
643 3339 693 3389 945
710 3336 822 3403 perfid&
839 3335 874 3386 E¹
898 3334 910 3402 ll
933 3338 984 3388 946
1005 3341 1092 3404 neget
1110 3354 1132 3388 co

214 3410 330 3470 negant
348 3406 423 3455 NHa.
444 3402 456 3472 ll
479 3407 528 3456 947
547 3404 617 3454 inuli
634 3405 659 3454 E
676 3406 747 3454 inuii
764 3406 789 3455 Α
810 3401 822 3470 ΙΙ
842 3406 892 3456 949
911 3405 968 3471 egit
986 3405 1011 3454 E
1030 3405 1131 3472 agito

216 3471 303 3534 adigit
320 3474 345 3522 A
369 3469 381 3538 ΙΙ
404 3473 453 3523 956
471 3475 547 3535 prius
565 3489 586 3522 ω
605 3473 676 3536 pius
694 3474 834 3523 Arcensiue
856 3468 868 3538 ll
892 3475 942 3524 962
961 3472 1088 3537 exanime
1106 3472 1132 3522 E

215 3540 369 3608 exanimem
388 3540 412 3588 Α
425 3538 437 3604 Η
448 3540 520 3604 petit
537 3555 558 3589 ω
576 3539 691 3605 impetit
709 3540 785 3592 ll'Hs.
803 3536 815 3605 ΙΙ
833 3540 883 3591 965
901 3541 952 3591 Est
969 3540 1015 3591 hie
1033 3540 1059 3589 Ε
1076 3541 1132 3589 Hie

321 3602 460 3670 'Thyeste
478 3605 530 3655 EA
548 3606 697 3671 Thyestae
718 3606 795 3659 (fron.
820 3603 833 3672 ΙΙ
