2576 4044
414 261 595 310 nuncupes
620 247 809 330 [chrunus]
1011 246 1075 310 377

267 500 408 547 NVTRIX.
433 498 615 546 Delaman.
638 491 781 543 LIGHAS
801 492 965 548 TAOITVS.

203 654 227 715 0
244 672 332 734 quam
348 663 489 716 cruentus
506 654 630 715 ieminas
645 652 774 714 stimniat
790 653 887 723 imur,

161 757 230 800 cum
245 741 339 817 patuit
354 757 412 799 una
428 738 535 818 paelici
551 745 580 798 et
594 745 704 816 nuptae
719 737 835 799 dumus.

160 822 255 903 Scylla
272 832 301 885 et
317 822 480 903 Charybdis
495 822 587 884 sicula
604 830 805 898 contorquens
821 822 895 884 freta

159 911 257 969 minus
273 915 317 969 est
331 907 476 978 timenda,
494 906 573 967 nulia
590 924 651 968 ncn
667 905 773 967 melior
788 906 851 968 iera
867 914 920 967 est.

154 1010 287 1070 namque
303 1000 335 1052 ut
350 992 457 1052 reluxit
472 990 591 1070 paelicis
606 999 711 1070 captae
726 992 816 1052 decus

159 1085 189 1137 et
204 1076 285 1138 suisit
299 1075 360 1137 lule
376 1076 472 1154 quaiis
486 1075 606 1136 innubis
621 1076 683 1137 dies

157 1162 280 1239 purisue
295 1160 408 1221 ciarum
425 1161 560 1222 noctibus
576 1161 657 1223 siclus
672 1162 774 1221 micat:

158 1247 239 1307 stetit
253 1247 365 1307 furenti
380 1245 482 1305 similis
498 1263 532 1305 ac
547 1253 666 1305 toruum
682 1247 803 1306 intuens

158 1328 300 1390 herculea
317 1331 460 1400 coniunx,
477 1330 584 1390 ieta-ut
598 1329 729 1388 armenia
744 1330 845 1390 iacens

160 1413 216 1474 sub
233 1432 309 1492 rupe
324 1414 409 1491 tigris
423 1413 508 1474 hoste
525 1422 684 1491 conspecto
699 1412 780 1473 exilit

160 1505 212 1558 aut
226 1499 304 1558 iussa
320 1498 455 1578 thyrsum
471 1504 594 1575 quatere
610 1505 787 1576 conceptum
803 1496 905 1559 furens

158 1600 280 1642 maenas
295 1580 423 1660 Lyaeum
441 1581 527 1642 dubia
545 1599 604 1659 quc
620 1599 740 1659 gressus
755 1584 839 1643 serat.

159 1667 254 1728 haesit
271 1683 447 1745 parumper,
465 1674 527 1727 tum
542 1683 596 1743 per
612 1665 768 1727 herculeos
783 1666 861 1727 lares

158 1753 280 1812 attonita
297 1752 407 1820 fertur,
424 1757 484 1811 tuta
502 1752 550 1811 uir
565 1752 638 1810 satis
654 1758 699 1812 est
714 1750 833 1819 dumus,

157 1837 285 1896 incurrit
300 1844 380 1896 errat
394 1836 485 1895 sistit'
511 1836 540 1894 iu
556 1834 656 1895 unitus
671 1836 757 1896 dolor

157 1922 302 1998 processit
317 1921 428 1990 omnis,
445 1921 557 1998 pectori
573 1937 667 1996 paene
682 1922 785 1979 intimo

156 2004 230 2064 nihil
247 2013 292 2064 est
306 2003 450 2064 relictum.
481 2003 569 2064 ssatus
584 2006 749 2081 insequitur
766 2006 860 2065 minas

158 2106 213 2148 nec
230 2106 307 2149 unus
322 2087 441 2149 habitus
458 2087 545 2148 durat
561 2095 611 2148 aut
627 2105 686 2148 unc
701 2089 773 2148 iurit

158 2179 296 2232 contenta
313 2170 411 2232 unhu:
434 2189 513 2231 nunc
527 2172 719 2232 inardescunt
734 2190 841 2250 genae,

158 2255 254 2335 pallor
269 2255 411 2316 ruborem
428 2254 510 2332 peliit
526 2263 555 2316 et
570 2256 682 2315 formas
697 2256 782 2316 dulor

158 2347 240 2400 errat
254 2358 308 2418 per
325 2357 444 2400 omues:
469 2341 603 2417 queritur
619 2338 748 2417 inploret
763 2341 861 2418 gemit.

155 2442 284 2485 sonuere
301 2431 415 2503 postes:
440 2441 508 2484 ecce
524 2425 678 2502 praecipiti
694 2425 788 2501 gradu

156 2517 271 2569 secreta
288 2510 395 2569 mentis
410 2525 462 2567 cre
479 2508 602 2568 contuso
619 2511 721 2570 exerit.

154 2605 277 2652 nutum
295 2610 512 2673 quamcumque
528 2601 641 2671 partem
659 2593 735 2653 sedis
751 2593 900 2655 aetheriae
915 2597 1026 2673 premis

155 2679 284 2737 coniunx
302 2679 444 2745 tonantis,
461 2678 588 2749 mittem
605 2676 725 2738 Alciden
741 2679 834 2739 ieram

154 2780 231 2841 quae
247 2762 320 2822 mihi
336 2762 405 2823 satis
421 2763 465 2821 sit.
497 2763 520 2820 si
536 2780 592 2841 qua
611 2762 768 2824 fecundum
786 2771 874 2841 caput

152 2845 261 2926 palude
275 2853 337 2909 tnta
352 2846 464 2906 uastiur
479 2864 602 2925 serpens
619 2854 733 2923 mouet,

220 3066 384 3129 NVTRIXR·
398 3065 577 3116 DEIANIRA
589 3066 640 3115 EA
660 3067 806 3117 LICHAE
818 3083 907 3118 nomeu
918 3069 1009 3118 addidi
1020 3085 1073 3119 curu

152 3129 243 3249 ΜΕᾹΙ
264 3136 313 3185 236
332 3135 415 3186 NVT.
433 3133 459 3182 E
476 3133 576 3183 Nutrix
594 3135 616 3183 R
634 3150 680 3184 om.
699 3135 724 3184 A
745 3132 757 3199 ΙΙ
778 3136 854 3185 furor
871 3135 897 3183 Ε
919 3135 995 3186 dolor
1013 3136 1038 3186 A
1058 3138 1073 3197 li

152 3203 203 3252 240
241 3216 306 3252 ecus
319 3219 341 3251 ω
360 3201 455 3252 decor
467 3201 542 3254 NHs.
556 3205 622 3252 conl.
635 3219 658 3254 u.
673 3204 722 3252 222
735 3198 747 3268 ΙΙ
758 3204 807 3251 241
820 3204 849 3251 in
861 3203 949 3252 nubes
962 3203 988 3252 E
999 3199 1010 3269 Η
1023 3205 1072 3252 242

151 3268 270 3318 Purisue
291 3269 394 3318 clarum
413 3268 480 3317 Em
497 3268 634 3319 Pnrumue
653 3269 737 3319 claris
756 3270 781 3319 A
810 3266 822 3335 ΙΙ
850 3272 901 3320 244
919 3271 981 3320 fera
999 3272 1038 3335 Rp
1058 3272 1071 3333 Η

154 3337 279 3385 armenia
297 3336 363 3385 EM)
386 3337 471 3400 Lupd.
490 3352 512 3385 m
533 3373 539 3385 .
560 3337 698 3387 Ancenuiuc
728 3341 852 3387 armento
870 3339 895 3387 A
924 3333 937 3402 l}
965 3338 1014 3386 246
1033 3337 1072 3387 fe·

151 3419 217 3454 rens
236 3420 258 3452 ω
275 3403 379 3453 furens
395 3405 497 3468 scripsi.
510 3352 583 3470 ffmr
601 3404 675 3454 ferat
692 3404 718 3453 Ε
737 3409 804 3470 agat
815 3406 840 3454 A
852 3401 864 3471 Η
876 3407 926 3455 249
944 3405 1072 3454 Attonita

153 3471 244 3521 fertur
261 3469 286 3518 Ε
304 3471 372 3534 Lym
393 3471 461 3521 heta
479 3472 587 3537 rapitur
605 3472 630 3521 A
654 3468 666 3538 ΙΙ
689 3474 738 3523 252
757 3473 846 3521 minas
864 3471 890 3520 E
907 3487 994 3537 genus
1013 3474 1037 3523 A
1058 3475 1070 3537 Η

152 3540 204 3590 258
224 3539 324 3603 exierit
342 3539 367 3588 E
374 3488 391 3605 ᾗ
407 3540 457 3590 259
475 3540 655 3603 Quamchque
674 3539 723 3602 Εψ
743 3540 913 3605 Qnacunque
932 3541 958 3590 A
981 3536 993 3608 ΙΙ
