2576 4044
194 185 257 250 328
426 132 429 137 v
587 139 738 246 incurri·

195 358 264 400 nam
280 357 346 400 sera
361 356 524 418 numquam
541 338 636 398 estad
653 338 748 398 bonos
764 356 862 399 mores
878 339 933 401 uia.

196 442 286 504 quem
303 424 434 501 paenitet
449 441 606 501 peccasse,
624 440 718 499 paene
734 431 779 483 est
793 424 946 484 innocens.

238 520 318 568 nuc.
346 505 410 576 Quo
426 509 540 585 raperis
556 507 675 568 amens?
699 508 795 568 credis
810 515 861 568 aut
875 526 978 587 speras
994 507 1046 569 tihi

197 593 427 670 Agamemnonis
442 590 529 651 lidele
546 592 736 670 coniugium?
759 602 791 654 ut
806 592 878 652 nihil

198 676 334 737 subesset
349 677 447 736 animo
463 675 541 755 quod
558 693 665 753 graues
681 675 792 736 laceret
807 684 918 745 metus,

197 769 296 821 tamen
311 759 441 839 superba
457 768 486 821 et
501 761 638 839 inpotens
652 759 723 820 llatu
740 762 826 822 nimis
867 836 870 846 ᾖ

197 845 317 906 fortuna
333 860 441 921 magno
459 846 580 921 spiritns
596 844 723 905 tumidos
739 845 832 906 daret.
869 852 872 864 '

240 930 347 991 Grauis
363 927 412 989 ille
427 929 516 988 sociis
531 936 626 990 stante
642 928 739 989 adhuc
754 929 842 990 Troia
858 930 922 990 fuit.

196 1015 267 1093 quid
283 1032 350 1074 rere
366 1014 402 1073 ad
418 1015 547 1073 animum
565 1022 669 1090 suapte
684 1021 789 1081 natura
805 1021 918 1075 trucem

196 1098 315 1159 Troiam
331 1096 495 1159 addidisse?
512 1115 572 1158 rex
587 1097 777 1176 Mycenarum
794 1099 862 1168 luit,

197 1183 297 1243 ueniet
312 1191 469 1261 tyrannus:
492 1199 635 1261 prospera
652 1184 767 1242 animos
782 1184 918 1244 efferunt.

197 1268 289 1327 effusa
305 1268 384 1327 circa
400 1265 545 1344 paelicum
561 1273 671 1345 quanto
688 1268 769 1327 uenit

197 1351 285 1412 turha
300 1358 453 1431 apparatu.
485 1348 545 1411 sola
562 1350 614 1410 sed
628 1349 716 1410 turba
733 1352 843 1412 eminet

196 1443 340 1514 tenetque
355 1453 457 1513 regem
474 1433 581 1495 lamula
597 1435 718 1495 ueridici
734 1434 790 1495 dei.

239 1522 369 1582 Feresne
385 1518 504 1580 thalami
520 1520 598 1579 uicta
614 1526 782 1579 consortem
798 1521 857 1580 tui?

200 1612 229 1665 at
243 1602 293 1664 illa
309 1603 398 1664 nolet.
430 1602 567 1664 ultimum
583 1610 628 1664 est
642 1610 751 1681 nuptae
766 1601 874 1664 malum

196 1686 296 1770 palam
312 1689 448 1749 maritam
464 1687 618 1765 possidens
633 1686 738 1765 paelex
753 1689 883 1749 domum.

197 1791 254 1834 nec
269 1790 362 1850 regna
377 1772 490 1833 socium
507 1771 586 1832 ferre
602 1790 658 1832 nee
674 1772 776 1833 taedae
791 1774 897 1833 sciunt.

241 1868 340 1917 cunr.
363 1857 502 1933 Aegisthe
518 1856 588 1933 quid
603 1873 653 1917 me
667 1874 772 1917 rursus
788 1858 815 1917 in
832 1874 976 1937 praeceps
990 1858 1053 1936 agis

124 2015 127 2019 ,
198 1942 333 2020 iramque
348 1940 475 2002 flammis
490 1941 547 2001 iam
566 1941 746 2002 residentem
763 1942 884 2001 incitas?
911 1970 914 1976 ·

198 2027 334 2104 permisit
349 2025 457 2105 aliquid
474 2027 571 2085 uictor
585 2025 615 2084 in
631 2031 747 2103 captam
763 2024 834 2085 sibi:

198 2128 255 2171 nec
271 2110 428 2188 coniugem
445 2109 502 2169 hoc
518 2110 667 2187 respicere
684 2127 739 2169 nec
755 2109 904 2171 dominam
920 2109 1014 2171 dccet.

243 2194 303 2255 Lex
321 2192 465 2254 alia'solio
482 2192 595 2254 estalia
612 2196 729 2273 priuato
745 2195 776 2253 in
792 2202 867 2255 toro.

199 2278 271 2359 quid
288 2278 366 2357 quod
383 2296 504 2340 seueras
519 2278 599 2339 ferre
614 2297 662 2339 me
678 2278 759 2354 leges
774 2281 839 2340 uiro

199 2381 260 2424 non
276 2364 386 2442 patitur
401 2364 516 2423 animus
531 2363 627 2440 turpis
642 2363 761 2423 admissi
777 2381 900 2424 memor.

200 2448 250 2508 det
265 2447 314 2508 ille
329 2449 447 2508 neniam
465 2445 550 2508 lacilc
566 2449 614 2507 oui
629 2448 715 2507 uenia
732 2452 778 2508 est
792 2465 875 2525 opus.

241 2544 321 2592 nno.
346 2532 386 2592 lta
403 2531 467 2592 est?
489 2533 598 2609 pacisci
615 2538 745 2592 mutuam
755 2534 879 2593 ueniam
895 2530 981 2592 licet?

197 2617 297 2694 ignota
314 2615 367 2675 tibi
382 2624 450 2676 sunt
465 2617 530 2676 iura
545 2633 706 2693 regnorum
723 2616 794 2677 haut
809 2633 896 2677 noua.
1037 2641 1039 2646 ·
1135 2623 1190 2675 2‘10

199 2699 286 2760 nobis
301 2698 420 2777 maligni
435 2700 548 2761 indices
563 2702 650 2778 aequi
665 2699 721 2760 sibi
845 2714 848 2719 ⁴

266 2937 318 2985 244
336 2950 461 3000 poenae
480 2951 499 2985 α
527 2931 540 3001 ΙΙ
568 2936 618 2986 255
637 2934 697 2985 sole
715 2934 764 2986 sed
781 2935 863 2986 turbo
882 2914 984 2986 eminet
1001 2935 1027 2985 E
1057 2935 1117 2986 sola

93 3024 98 3033 ·
199 3002 247 3054 sed
260 3003 340 3067 longe
354 3018 405 3053 em.
418 3004 442 3052 A
462 3001 544 3052 turba
557 3003 606 3053 sed
618 3002 701 3069 longe
714 3019 766 3054 em.
778 3003 821 3052 dd
830 3000 842 3071 ll
854 3004 903 3053 256
916 3018 1030 3070 regnum
1043 3003 1083 3053 nu
1103 3003 1116 3066 ΙΙ

198 3071 249 3122 258
266 3070 355 3120 nollet
372 3071 397 3119 E
425 3067 438 3136 {l
467 3071 517 3120 259
539 3070 640 3119 marita
663 3086 699 3121 ex
721 3086 790 3121 corr.
808 3087 850 3136 pr.
869 3086 901 3120 m.
920 3071 945 3119 E
974 3070 1069 3121 mariti
1092 3071 1116 3119 Α

198 3137 332 3188 maritam
351 3138 425 3188 NHs.
454 3134 459 3203 Ι
496 3138 544 3187 261
565 3137 687 3187 CLYzA
710 3154 757 3188 om.
776 3138 812 3187 El
830 3141 878 3190 sed
907 3137 948 3187 Ol.
967 3140 1029 3188 add.
1047 3136 1084 3186 12³
1103 3138 1116 3198 ΙΙ

199 3206 261 3285 agis
280 3204 305 3253 E
322 3206 403 3286 rapis
417 3206 451 3285 A·
472 3201 477 3271 Ι
500 3205 553 3253 262
571 3205 673 3254 incitas
691 3206 717 3253 E
733 3207 845 3275 Vocem
865 3206 973 3256 excitas
991 3222 1010 3255 α
1031 3200 1044 3271 ll
1067 3206 1117 3255 263

198 3271 346 3420 usu}
362 3271 475 3420 eut
491 3268 1118 3420 delectauitlietoldi'latta

197 3410 313 3524 ppprptp
329 3408 353 3540 pp
383 3405 395 3473 ΙΙ
424 3421 454 3456 m
472 3411 531 3456 toro
550 3407 599 3470 Εψ
621 3423 650 3456 m
668 3423 716 3461 om.
733 3408 759 3457 Α
788 3404 800 3469 ΙΙ
830 3411 880 3517 m
898 3412 948 3458 aut
965 3405 1118 3465 namur.
1180 3460 1186 3469 ,
