2544 4046
408 241 590 290 nnncvnns
607 228 772 312 [nunnus]

129 380 307 441 uirtutis.
330 382 403 441 atier
418 398 511 442 arma.
542 383 680 443 uincetur
694 401 760 445 mea

131 465 253 525 fortuna
270 465 383 527 desua.

131 562 235 611 ΤΗΕΒ.
418 560 487 611 sunt
502 551 621 630 quidem
637 554 730 630 patris
744 570 850 630 preces

43 691 47 694 .
132 634 372 706 satiseidcaces,
388 636 440 697 sed
455 643 555 696 tamen
570 645 672 696 nostro
687 654 807 717 quoquc

131 737 259 780 mouere
273 719 354 780 iletu.

84 812 109 870 i'
386 804 481 883 Surge
496 812 525 866 et
540 803 666 866 aduersa
682 807 792 885 impetu

130 887 289 967 perfringe
304 886 401 949 solito.
431 907 512 950 nunc
528 897 609 951 tuum
626 889 697 951 nulli
713 893 847 970 inparem

132 975 267 1034 animum
283 972 361 1034 maio
376 991 512 1043 resume,
529 992 608 1035 nunc
623 992 730 1053 magna
746 975 800 1037 tibi

132 1059 279 1119 uirtute
299 1058 447 1136 agendum
463 1065 516 1119 est.
540 1058 699 1121 Herculem
715 1063 803 1122 irasci
818 1069 896 1122 ueta.

130 1154 237 1203 Hisne.
269 1143 380 1204 sinino
401 1143 458 1204 ieci
472 1142 594 1215 scelera,
610 1146 635 1205 si
651 1146 764 1205 morior
785 1144 847 1207 ton.

85 1243 110 1291 k
174 1227 311 1304 Purgare
325 1235 422 1288 terras
437 1245 578 1306 propero.
607 1229 779 1291 iamdudum
795 1229 868 1291 mihi

131 1320 300 1373 monstrum
316 1313 430 1389 inpium
447 1330 629 1392 saeuamque
643 1322 673 1374 et
687 1315 791 1374 inmite
806 1333 841 1375 ac
857 1314 954 1377 terum

132 1395 263 1457 oberrat.
294 1397 421 1475 agedum
436 1397 541 1458 dextra
558 1415 667 1459 conare
682 1398 804 1475 aggredi

130 1482 238 1559 ingens
254 1499 330 1560 opus
343 1480 448 1543 labore
463 1482 582 1542 bisseno
597 1482 732 1561 amptius.
747 1517 788 1529 -

131 1568 246 1645 ignauo
261 1583 358 1627 cessas
373 1566 457 1627 tortis
472 1568 502 1626 in
518 1585 629 1646 pueros
645 1568 733 1628 modo

131 1650 331 1730 pauidamque
345 1651 489 1712 matrem?
510 1669 592 1713 arma
609 1652 664 1711 nisi
679 1652 786 1714 dantur
802 1654 882 1725 mibi,

131 1742 183 1796 aut
199 1753 288 1797 omne
305 1735 389 1796 Pindi
403 1735 515 1796 thracis
530 1737 663 1798 excidam
680 1755 785 1799 nemus

131 1819 304 1896 Bacchique
320 1818 403 1881 tucos
419 1829 449 1882 et
465 1819 650 1883 Cithaeronis
664 1824 732 1900 iuga

131 1922 251 1964 mecum
271 1904 420 1967 cremabo.

110 1996 118 2015 ¹
452 1990 526 2050 Tota
541 2009 610 2051 cum
624 1990 742 2052 taribus
757 1993 817 2053 suis

131 2072 320 2152 dominisque
337 2081 427 2144 tecta,
444 2092 512 2135 cum
528 2074 591 2137 deis
607 2074 715 2155 templa
731 2075 871 2139 omnibus

131 2156 262 2218 thebana
278 2174 367 2235 supra
383 2176 492 2238 corpus
507 2161 653 2238 excipiam
669 2179 767 2223 meum

131 2249 222 2320 atque
237 2241 313 2304 urbe
329 2260 414 2304 uersa
432 2243 544 2304 condar
560 2247 629 2305 etsi
646 2244 775 2306 sortibus

130 2325 200 2388 lene
216 2326 333 2405 pondus
348 2330 460 2388 umeris
475 2329 592 2389 moenia
609 2330 730 2391 inmissa
745 2330 876 2391 incident

130 2419 309 2490 septemque
325 2420 447 2489 opertus
463 2431 523 2474 noo
539 2414 609 2476 satis
625 2414 718 2490 portis
733 2432 862 2491 premar,

131 2512 210 2555 onus
225 2512 313 2556 omne
329 2496 425 2557 media
441 2508 528 2576 parte
544 2498 624 2575 quod
639 2498 742 2558 mundi
757 2499 840 2560 sedet

129 2579 305 2660 dirimitque
319 2598 445 2659 superos
460 2584 491 2642 in
507 2599 607 2643 meum
623 2590 738 2644 uertam
755 2591 854 2663 caput.

201 2833 269 2883 1278
287 2834 357 2886 atior
372 2837 398 2886 V
410 2835 478 2886 effer
490 2832 565 2952 cAss
584 2837 650 2888 1279
668 2837 727 2887 Am.
741 2839 829 2888 uersus·
838 2840 982 2902 praefixam
992 2840 1019 2889 V
1027 2835 1040 2905 ΙΙ
1139 2806 1146 2818 .

72 2942 79 2953 ,
126 2899 257 2966 fortuna)
270 2917 307 2952 no
318 2903 418 2967 spttada
429 2919 481 2954 ree.
495 2920 525 2956 m.

126 2970 203 3019 trice
222 2967 273 3018 EA
303 2964 315 3037 ΙΙ
346 2972 410 3021 1281
434 2986 544 3022 mouere
563 2970 640 3037 an
668 2986 797 3022 moneare
817 2974 841 3022 A
871 2968 883 3039 ss
914 2974 979 3024 1284
1008 2980 1052 3025 est

126 3052 178 3089 om.
196 3038 224 3086 V
243 3033 255 3104 {i
279 3039 345 3090 1288
357 3039 544 3091 iamdumdnm
561 3037 594 3090 V¹
613 3035 625 3107 ΙΙ
637 3041 704 3091 1288
718 3039 854 3105 agendum
871 3039 1016 3093 V'thld
1026 3038 1039 3109 [Ι

129 3106 199 3155 1290
216 3104 355 3167 ignauam
373 3106 483 3173 ignaua
498 3106 605 3161 Ioron.
630 3105 642 3174 ΙΙ
671 3110 737 3158 1291
756 3106 928 3173 pauidusque
947 3114 1051 3160 matres

126 3180 152 3234 ψ
224 3172 325 3223 duntur
343 3173 368 3223 Ε
386 3175 432 3224 ulii
452 3181 479 3225 ut
501 3176 604 3225 uidetur
632 3178 731 3226 dentur
753 3176 802 3228 VA
831 3171 845 3244 ss
873 3178 938 3228 1292
980 3177 1049 3228 inidi

132 3241 160 3291 V
217 3241 353 3295 excisum
367 3241 488 3293 neem.
505 3238 517 3310 ΙΙ
541 3243 607 3294 1294
625 3248 675 3293 aut
686 3247 747 3293 tota
763 3245 869 3294 Vratisl.
880 3244 931 3298 Bo.
952 3193 1049 3311 {fnum

583 2920 616 2953 on
633 2907 802 2955 nouerca?
819 2901 832 2971 ΙΙ
855 2907 942 2970 putris
958 2907 984 2956 V
1001 2923 1050 2972 pa·

125 3306 255 3360 domibus
273 3325 295 3359 ro
319 3324 380 3360 cum
400 3309 541 3361 famulis
561 3309 749 3361 suisB.Solrm.
769 3326 830 3361 cum
847 3312 969 3362 loribus
983 3314 1049 3362 scri·

123 3377 171 3440 pei
192 3371 205 3442 {J
229 3377 297 3428 1297
321 3392 420 3428 euersa
438 3377 494 3428 ΕΙ)
506 3379 614 3432 Vrotr'rl.
644 3395 727 3429 uersu
745 3380 770 3429 A
798 3375 811 3444 ΙΙ
841 3380 907 3429 1298
925 3377 1050 3429 incident

124 3442 221 3563 gum
244 3444 377 3579 lqsxcidont
394 3446 419 3497 A
460 3442 473 3513 ΙΙ
513 3448 580 3498 1800
606 3445 678 3512 quod
700 3445 794 3499 mundi
810 3446 868 3496 EV
894 3461 949 3510 qua
971 3461 1048 3496 mun·
