2504 4040
495 209 656 257 TROADES

111 349 167 410 set]
185 350 279 410 lessus
295 368 328 411 ac
345 350 477 410 deiectus
493 356 522 409 et
536 347 607 409 fletu
623 350 723 426 grauis

113 433 277 513 similisque
292 443 406 495 maesto
421 431 552 512 squalida
570 433 704 493 obtectus
720 452 814 493 conen.

1051 614 1103 663 460

113 687 256 767 ‘dispelle
271 691 409 749 snrnnos’
425 689 521 765 inquit
536 692 583 747 ‘et
598 693 719 764 gnatum
736 689 817 765 eripe

113 774 205 834 ofida
222 775 360 834 coniunx.
392 772 495 833 lateat:
512 772 585 832 lruec
602 788 657 831 une
675 780 719 833 est
734 771 822 832 salus.

112 860 216 917 omitte
232 858 328 919 ssetns.
360 858 447 917 Troia
464 857 542 935 quod
560 857 666 917 cecidit
681 857 794 935 geniis?

112 943 226 1002 utinam
242 944 353 1002 iaceret
367 952 437 1001 tute.
469 942 573 1002 lustina
591 959 696 1003 amone

113 1044 303 1106 quocumque
319 1036 437 1086 nostrae
453 1024 607 1104 paruulum
623 1028 744 1104 stirpem
761 1026 889 1086 domus)

71 1118 93 1166 b
159 1110 229 1170 Mihi
245 1110 360 1186 gelidus
375 1111 485 1172 horror
500 1129 534 1171 ec
549 1117 661 1171 trernnr
677 1128 813 1171 sumnum
830 1110 960 1189 expulitr

113 1193 277 1273 oculosque
293 1214 372 1255 nune
388 1195 446 1255 lrue
462 1196 568 1273 pauida
585 1213 664 1254 nunc
680 1194 748 1255 illue
765 1196 863 1255 lerms

113 1278 205 1339 oblite
223 1282 280 1340 nuti
297 1282 403 1340 misera
420 1281 551 1358 quaesiui
567 1279 735 1339 Hectorem.

113 1363 200 1426 fallax
217 1382 270 1441 per
286 1366 365 1444 ipsus
381 1364 485 1425 umbra
503 1363 665 1442 conplexus
682 1363 750 1424 ubil.

71 1559 92 1591 c
158 1533 183 1593 0
199 1542 286 1611 gnate
301 1536 399 1612 magni
416 1542 495 1594 certa
513 1534 670 1612 progenies
687 1534 779 1610 patris

113 1636 184 1696 spes
199 1636 256 1679 una
273 1618 439 1697 Phrygibus
455 1620 539 1679 unica
557 1618 692 1678 adflictae
709 1619 814 1679 demus

113 1705 285 1781 ueterisque
300 1702 420 1764 suboles
435 1704 585 1780 sanguinis
601 1704 723 1763 nimium
740 1703 831 1763 incliti

113 1788 296 1867 nimiumque
312 1790 388 1865 patri
404 1788 519 1848 similis:
544 1787 598 1846 nos
612 1786 713 1847 uultus
729 1806 813 1848 rneus

112 1871 243 1931 habebut
257 1872 381 1942 Hector,
399 1871 463 1932 talis
478 1874 593 1933 incessu
610 1873 664 1932 luit

113 1955 277 2034 habituque
292 1956 371 2026 talis,
389 1959 431 2017 sic
447 1956 512 2017 tulit
527 1959 618 2017 lortes
634 1975 753 2033 ipanus

112 2042 156 2100 sic
172 2040 268 2101 celsus
283 2043 395 2101 umeris
410 2041 507 2101 lronte
523 2044 564 2101 sic
578 2050 663 2101 tnrua
680 2043 777 2102 minax

112 2128 232 2185 ceruice
248 2126 341 2185 lusum
358 2126 503 2205 dissipans
518 2128 592 2187 iacta
609 2144 740 2194 comam,

71 2212 100 2270 ε’
157 2209 198 2290 [0
210 2218 305 2284 ynete
319 2228 386 2271 seru
402 2212 572 2288 Pltrypibus
588 2229 605 2273 0
620 2213 715 2271 matri
728 2207 801 2290 citu]

113 2296 210 2355 eritne
225 2300 341 2373 tenipus
358 2294 428 2355 illud
445 2314 479 2355 ac
494 2294 561 2356 lelii
579 2296 642 2354 dies

112 2397 172 2457 quo
189 2379 274 2438 trniei
290 2380 428 2440 defensor
444 2387 474 2440 et
488 2381 595 2440 uindex
612 2378 666 2439 seli

111 2463 249 2523 rediuiua
265 2481 358 2541 ponas
374 2465 515 2542 Pergama
533 2472 562 2525 et
577 2482 697 2542 sparsos
714 2462 781 2541 luga

111 2549 195 2608 uiues
210 2548 335 2608 reducas
351 2566 458 2609 nornen
476 2556 504 2608 et
519 2552 633 2628 patriae
648 2566 733 2608 suurn

112 2631 339 2710 Phrygibusque
355 2633 480 2694 reddas?
503 2634 553 2694 sed
570 2636 628 2694 rnei
645 2633 694 2692 lati
711 2650 825 2693 rnernnr

110 2725 170 2777 tam
189 2734 293 2794 magne
310 2720 399 2778 timeo
415 2728 492 2778 unta.
525 2719 601 2796 quod
618 2719 711 2795 captis
725 2727 771 2778 sat
786 2728 843 2787 est,

180 2903 221 2935 riu.
240 2888 290 2936 458
308 2889 357 2937 459
381 2889 471 2936 (lerunt
488 2887 513 2935 Ε
537 2884 548 2950 11
572 2889 621 2936 459
640 2891 731 2937 nostro
752 2890 775 2937 A
794 2891 890 2952 scripsi
906 2891 1028 2938 maesto

109 2956 168 3004 coll.
186 2956 265 3016 Vera.
285 2955 317 3006 A.
338 2956 354 3003 I
357 2955 371 3003 I
388 2958 446 3004 270.
459 2951 471 3020 ll
482 2956 610 3004 exc't'rlisse
628 2972 701 3004 ninum
718 2970 817 3005 uersum
834 2957 952 3019 suspicor
969 2961 1029 3005 ante

110 3039 136 3070 u.
154 3021 215 3071 460.
239 3017 251 3087 Η
274 3025 321 3072 461
340 3022 465 3086 Dispelle
483 3023 509 3072 E
528 3022 644 3087 Depelle
664 3024 687 3071 A
712 3018 723 3088 ll
746 3025 796 3073 466
815 3023 920 3088 expulit
937 3022 962 3071 Ε
982 3039 1028 3072 ex·

110 3089 182 3139 cutit
201 3090 225 3138 A
243 3097 358 3155 sequitur
372 3088 493 3139 Octauiae
511 3097 601 3140 arcetur
617 3107 642 3141 u.
655 3093 708 3140 123
727 3091 804 3140 Tune
822 3095 923 3141 tremor
941 3093 1029 3207 eglin-
1121 3085 1127 3098 '

111 3172 180 3222 gens
200 3158 306 3206 excutit
324 3172 432 3206 somnos
450 3173 545 3222 pauor.
559 3153 571 3223 ΙΙ
586 3159 635 3208 471
655 3158 723 3222 Spes
741 3158 800 3208 uita
818 3167 841 3221 ψ
859 3154 935 3221 l14'17
953 3176 962 3208 ι
984 3164 1029 3208 cte

111 3225 160 3274 ΕΕ
187 3225 283 3273 iactat
303 3226 355 3275 GR.
384 3225 445 3274 lata
462 3226 486 3275 Α
516 3222 527 3291 ll
556 3227 606 3276 478
624 3241 724 3275 uersum
743 3228 874 3276 delendum
892 3242 991 3276 censeo.
1014 3226 1026 3288 ll

111 3309 127 3342 0
145 3291 171 3340 Ε
190 3295 221 3341 at
239 3293 264 3342 A
283 3308 329 3342 orn.
353 3292 427 3343 Voss.
446 3301 470 3357 ψ
489 3298 516 3342 et
534 3293 583 3343 Bu.
596 3290 607 3359 ΙΙ
623 3296 671 3343 481
692 3294 825 3343 Residina
844 3293 868 3341 A
892 3292 1030 3343 Rediuiua

111 3360 136 3409 Ε
147 3357 159 3424 ΙΙ
171 3374 278 3424 poenes
295 3360 321 3408 Ε
344 3357 356 3425 ΙΙ
378 3362 428 3410 482
447 3360 537 3409 Onnes
556 3362 581 3411 E
601 3359 612 3426 ΙΙ
632 3361 682 3410 483
701 3362 881 3426 prigibusque
899 3360 924 3408 E
943 3356 956 3425 Η
976 3360 1030 3409 fati

110 3428 165 3477 mei
184 3427 210 3477 E
229 3436 247 3478 t.
269 3428 349 3560 (ἴση.
365 3424 377 3493 ΙΙ
394 3444 497 3478 memor
514 3428 539 3477 E
557 3430 630 3492 Lips.
651 3445 686 3479 ex
703 3428 743 3478 ΛΕ
761 3435 788 3478 ut
805 3429 907 3476 uidetur
922 3430 957 3491 9?
978 3427 1029 3476 im·

110 3511 213 3545 memor
232 3496 257 3544 A
