2504 4040
220 223 285 288 214
501 237 532 284 n.
549 236 682 284 unuani
698 235 857 284 suranna

306 376 444 438 stridulos
460 386 563 437 cantus
580 375 678 436 *elisit
695 393 773 437 aero.

188 537 201 573 ε
309 532 391 574 *non
407 520 475 574 ante
491 512 605 590 linguas
620 511 711 589 agiles
727 520 755 571 et
771 529 846 573 *ora

305 599 387 658 uocis
401 600 519 675 ignotae
537 631 543 642 ·
563 630 568 641 ·
586 630 650 659 -‚·
668 633 765 641 .-..

256 757 262 763 ,
374 682 678 760 *clamoreprirnurn

305 767 419 828 hostloo
436 768 550 846 experti
567 798 741 812 ·····
757 803 797 810 .-
815 822 820 834 ,

525 875 540 911 *
670 876 684 909 ὴ
815 877 829 910 n

348 1022 472 1100 Agmina
489 1038 609 1099 campos
626 1028 749 1096 cognata
766 1024 869 1080 tenent

307 1105 454 1184 dignaque
470 1106 545 1165 iacto
561 1106 674 1165 semine
690 1104 789 1181 proles

308 1207 367 1250 uno
385 1197 510 1250 aetatem
525 1207 682 1267 permensa
700 1190 746 1249 die

307 1282 374 1352 post
390 1274 520 1335 Luciferi
536 1282 602 1334 nata
619 1281 733 1334 meatus

307 1367 375 1420 ante
391 1360 544 1437 hesperios
560 1358 667 1419 occidit
684 1367 776 1419 ortus.

350 1495 459 1556 Horret
474 1495 562 1554 tantis
579 1494 693 1554 aduena
710 1494 849 1554 monstris
906 1506 909 1511 ’

305 1579 467 1658 populique
484 1580 567 1639 tirnet
583 1578 659 1639 holla
674 1581 819 1648 recentis,

306 1663 400 1725 donec
417 1664 523 1725 cecidit
538 1681 626 1724 saeua
643 1665 782 1724 inuentus

306 1750 499 1828 genetrixque
515 1767 567 1809 suo
584 1748 668 1809 reddi
684 1750 796 1825 gremio

306 1833 394 1893 modo
411 1833 573 1912 productos
588 1834 661 1893 uidit
679 1831 823 1894 alumnos,

350 1969 411 2029 llao
426 1969 578 2029 transierit
594 1968 680 2029 ciuile
695 1968 789 2030 nelas.

278 2086 280 2092 ·
305 2053 355 2113 illa
370 2051 527 2114 herculeae
543 2054 643 2113 norint
657 2053 778 2114 Thebae
1162 2058 1201 2107 770

307 2136 419 2217 proelia
436 2139 572 2199 fratrum.
665 2135 669 2141 ’
1013 2152 1037 2193 r.
1052 2150 1199 2196 nxxxxun

187 2300 204 2335 a
350 2272 438 2354 [Quid
456 2272 569 2334 oadrnei
583 2274 641 2333 lata
657 2275 785 2351 nepotis,

305 2376 371 2418 oum
388 2376 500 2418 uruaors
516 2376 652 2417 cornua
668 2376 749 2418 cerui

186 2556 211 2605 E
308 2550 460 2623 Lituusque
476 2549 580 2605 aduneo
597 2547 728 2604 stridulos
743 2558 840 2606 cantus

305 2632 385 2688 Elisit
400 2650 462 2689 aere
477 2650 533 2689 non
549 2641 613 2689 ante
628 2632 738 2707 linguas

305 2717 398 2789 Agiles
414 2726 442 2774 et
457 2734 504 2774 ora
520 2719 599 2775 uocis
615 2720 726 2791 ignotae

304 2801 427 2859 Clamore
442 2802 559 2876 primurn
574 2803 682 2859 hostico
698 2804 804 2876 experti
838 2860 841 2868 ,

288 2933 338 2983 766
356 2933 435 2983 Alias
455 2937 483 2982 et
501 2949 577 2982 erma
595 2934 620 2983 Α
640 2948 687 2983 ora
706 2937 732 2982 in
749 2949 802 2987 rar.
821 2931 855 2984 11²
878 2929 890 2997 ΙΙ

288 3001 338 3051 760
355 3001 502 3067 Lignaquo
522 3001 547 3048 E
562 2997 573 3066 ll
595 3002 643 3051 765
662 3001 785 3064 regentis
803 3000 828 3049 E
845 3000 965 3051 recentia
983 3008 1007 3063 ψ
1033 3002 1143 3051 ruentis

220 3068 245 3117 A
275 3064 287 3134 ll
315 3070 347 3118 de
369 3086 409 3120 uu.
429 3070 478 3119 772
490 3093 523 3104 -
537 3069 586 3119 784
607 3070 659 3119 oid.
681 3067 876 3119 Obseruntornm
897 3069 985 3119 librum
1000 3085 1030 3133 p.
1047 3071 1082 3119 36
1101 3069 1145 3119 udi

220 3135 314 3200 Oedipi
325 3135 341 3183 I
353 3137 484 3202 relliquias
495 3140 559 3187 mole
571 3139 619 3186 leuc
631 3138 731 3186 delatos
744 3152 800 3186 erre
811 3137 956 3201 suspicatus
967 3151 1029 3187 rum.
1052 3136 1143 3187 Inter-

216 3206 351 3268 ponendos
369 3206 446 3269 igitur
462 3206 541 3254 oredo
557 3213 618 3269 post
635 3207 689 3254 eiua
705 3205 845 3268 fragmenti
861 3221 884 3254 u.
899 3206 951 3255 318
975 3200 986 3267 ll

289 3392 338 3441 764
362 3406 385 3444 o.
405 3390 504 3440 simul
524 3390 590 3441 edit
609 3407 674 3442 aere
694 3391 739 3442 GR
755 3388 767 3456 ΙΙ
784 3392 833 3441 755
855 3391 922 3440 iam
940 3396 1067 3440 mouent
1085 3389 1143 3439 lin·

221 3471 289 3521 guas
310 3473 334 3509 a.
355 3464 383 3506 et
401 3458 538 3507 horrent
554 3455 558 3522 l
574 3462 651 3508 trecis
670 3460 687 3508 i.
707 3460 841 3509 sonitus
861 3460 902 3508 uel
919 3463 948 3508 at
961 3472 1045 3507 arua
1062 3456 1065 3517 Ι
1081 3471 1108 3510 n.
1124 3458 1141 3506 i.

220 3528 388 3573 resonant
407 3525 544 3588 fragore
565 3525 610 3574 GR
633 3522 644 3589 ΙΙ
