2536 4046
479 269 679 318 PRAEFATIO
967 273 1049 321 vnn

106 430 229 485 siderent
254 420 285 484 ut
306 428 458 486 consimilis
483 429 548 485 artis
575 446 659 504 opera
686 447 746 486 carm
769 433 895 505 genuinis
922 432 1050 489 uidentur

104 514 266 570 coniunctae
282 528 351 570 esse.
387 512 464 581 Quod
480 514 587 588 quidem
609 531 643 571 eo
659 522 783 590 tempore
804 516 906 572 lactum
928 533 989 573 esse
1005 533 1051 573 su·

106 600 259 671 spicamur‚
281 615 337 673 quo
353 615 443 672 neque
460 600 627 672 tragicorum
642 616 803 671 graecorum
818 600 908 658 studia
924 603 1049 657 euanuis·

104 692 168 738 sent
182 698 232 738 nec
243 682 490 740 Frontonianorum
507 684 653 740 sedulitate
668 687 755 759 ipsius
767 683 884 742 Senecae
899 688 1050 743 auctoritas

102 767 220 823 infracta
241 774 322 824 esset
366 768 430 824 Nam
453 771 512 825 eius
534 769 685 843 exemplum
709 776 878 845 quantopere
898 787 959 827 cum
980 772 1050 844 Aga·

101 852 258 907 memnonis
279 860 336 908 tum
359 855 473 910 manime
494 852 617 909 Herculis
647 863 744 911 auctor
764 855 797 910 ad
818 856 977 911 imitandum
999 854 1049 911 stbi

101 938 282 1010 proposuerit
296 952 330 992 ne
344 935 443 994 leuiter
458 938 567 1011 quidem
582 939 733 995 intuentem
749 939 846 1012 lugiet.

168 1021 266 1076 Earum
293 1020 444 1078 tabularum
471 1022 582 1079 alteram
605 1027 690 1080 anteit
712 1031 740 1080 et
761 1031 884 1099 tempore
912 1032 939 1080 et
960 1027 1049 1098 pretio

102 1107 285 1178 Agamemno,
309 1122 389 1179 quam
407 1107 575 1182 tragoediam
591 1109 614 1163 is
630 1110 677 1183 qui
693 1108 836 1165 Herculem
852 1107 969 1166 alterum
984 1109 1050 1165 scri·

101 1192 159 1263 psit
183 1198 246 1245 ante
267 1190 362 1246 oculos
384 1192 477 1248 habult
498 1200 526 1249 et
547 1193 573 1248 in
589 1192 683 1249 multis
704 1201 747 1249 est
767 1190 935 1265 imitatus*).
979 1194 1049 1266 Aga·

103 1275 258 1330 memnonis
274 1283 370 1331 auctor
384 1285 495 1349 praeter
505 1277 641 1350 Thyesten
655 1277 773 1334 Senecae
788 1278 951 1352 Aeschylum
968 1294 1049 1351 quem

102 1358 150 1414 ille
166 1367 323 1432 spreuerat‚
345 1362 373 1415 in
389 1361 472 1416 rebus
487 1362 633 1417 tractandis
648 1362 745 1418 ducem
761 1363 811 1418 sibi
827 1361 924 1436 elegit,
945 1364 974 1417 in
990 1380 1051 1418 sen·

104 1442 196 1499 tentiis
224 1443 373 1517 uerbisque
400 1445 434 1502 ab
461 1446 581 1519 Vergilio
601 1447 770 1519 Horatioqne
797 1446 896 1520 quibus
922 1445 1050 1504 Ouidium

102 1545 182 1583 snum
198 1529 338 1601 praeferre
354 1533 499 1586 consueuit
514 1530 711 1604 philosophus,
737 1547 792 1586 non
808 1547 893 1604 pauca
910 1538 1050 1589 mutuatus

102 1620 153 1668 est.
181 1613 210 1667 ln
226 1612 392 1670 carminibus
409 1616 475 1670 uero
492 1616 640 1671 condendis
656 1632 717 1671 eum
733 1631 787 1671 non
804 1617 977 1688 acquieuisse
993 1617 1049 1673 lor·

100 1699 152 1752 mis
174 1697 292 1753 Senecae
319 1698 363 1754 uel
384 1704 476 1772 potius
503 1701 561 1756 eius
583 1698 742 1774 aequalibus
763 1701 894 1757 aclamatis
914 1702 1049 1758 canticum

100 1781 169 1837 illud
191 1782 313 1837 ostendit
327 1798 360 1838 cn
374 1783 552 1840 dimetrorum
568 1792 596 1840 et
612 1792 845 1841 monometrornm
864 1788 1050 1858 anapaestico·

100 1883 160 1922 rum
178 1868 325 1938 quinquies
338 1867 497 1924 iteratorum
512 1870 635 1943 strophis
648 1872 822 1944 conpositum
835 1870 1048 1928 nult-408.

100 1948 267 2007 llonendnm
283 1951 401 2024 denique
417 1951 498 2009 liuius
515 1971 626 2027 quoqne
644 1955 799 2028 tragoediae
815 1971 869 2011 non
882 1954 1049 2029 perpolitum

100 2044 129 2090 et
151 2035 261 2109 publice
277 2036 377 2092 editum
401 2036 537 2110 exemplar
552 2038 671 2095 Senecae
693 2040 800 2096 schedis
821 2040 957 2096 adiectum
979 2056 1048 2102 esse,

100 2120 149 2176 sed
171 2119 280 2193 plenum
304 2118 394 2176 lituris
418 2121 452 2176 ab
473 2124 594 2179 anactoris
615 2141 693 2180 manu
716 2123 810 2185 lactis.
837 2124 863 2179 id
886 2123 959 2196 quod
981 2125 1049 2180 mira

98 2205 181 2260 docet
205 2206 358 2279 scripturae
373 2205 519 2263 diuersitas
534 2225 603 2281 quac
623 2211 746 2265 cernitur
768 2208 794 2263 in
810 2208 915 2265 cantico
937 2208 984 2264 illo
1001 2210 1049 2264 mi·

99 2287 215 2344 serrime
237 2289 388 2347 deformato
417 2308 444 2346 u.
468 2291 645 2351 eto-924.
689 2294 761 2349 idem
784 2293 858 2366 quod
879 2293 912 2347 de
933 2293 1049 2349 Hercule

98 2374 186 2430 altero
204 2373 370 2429 allirnremus
385 2375 459 2431 nulla
475 2384 517 2432 est
533 2376 682 2449 probabilis
698 2394 801 2432 caussa.

164 2457 217 2512 larn
239 2474 307 2515 uero
329 2475 427 2515 nonem
449 2459 512 2516 illae
533 2460 578 2516 uel
594 2464 687 2535 potius
710 2463 801 2517 decern
819 2460 973 2533 tragoediae
996 2469 1049 2517 tra·

99 2541 317 2616 gocdiarumqne
339 2543 489 2617 fragmenta
506 2547 665 2620 priusquam
681 2545 916 2609 describerentur,
940 2547 1050 2604 chartae

97 2626 219 2700 plurium
247 2643 438 2701 possessorum
466 2629 591 2687 manibus
621 2633 774 2687 conmissae
801 2631 892 2686 uarios
921 2641 1049 2706 expertae

98 2718 163 2768 sunt
185 2713 270 2768 uices.
306 2712 427 2780 Quorum
444 2715 542 2770 studiis
558 2717 673 2788 poeticis
689 2724 716 2771 et
732 2717 916 2790 grammaticis
932 2733 992 2773 curn
1009 2720 1050 2772 in·

97 2798 250 2859 seruirent.
273 2814 327 2853 nou
344 2800 440 2854 mirum
457 2799 530 2873 quod
553 2807 580 2855 et
595 2800 672 2856 locos
688 2801 747 2856 siue
769 2816 801 2855 er
822 2800 938 2856 aliorum
953 2810 1047 2875 poeta-

96 2898 157 2937 rum
180 2881 259 2936 libris
275 2882 334 2938 siue
357 2898 389 2937 ex
417 2884 485 2957 ipsis
507 2886 657 2958 tragoediis
680 2884 803 2940 sublatos
826 2891 853 2940 et
874 2886 943 2940 uarii
966 2902 1049 2958 gene·

96 2967 136 3021 ris
164 2967 409 3040 interpretamenta
432 2984 655 3042 nonnumquam
680 2979 768 3025 metro
795 2978 926 3041 concepta
949 2985 1047 3027 uersus

95 3048 216 3123 deniqne
237 3050 269 3106 ad
292 3054 412 3108 auctoris
439 3054 590 3126 exemplum
611 3054 745 3110 formatos
767 3052 868 3128 quibus
888 3053 1048 3112 ‹litatoretur

97 3134 201 3198 oratio,
229 3135 262 3190 ad
283 3136 433 3208 marginem
457 3137 619 3194 adtinebant
666 3139 806 3212 deprimi
834 3137 941 3211 quidem
964 3154 1048 3214 gene·

54 3247 57 3251 ’
96 3219 136 3275 ris
157 3219 406 3277 additamentorum
422 3228 453 3278 ut
474 3224 595 3298 exenrpla
612 3224 719 3298 aliquot
734 3222 914 3285 subiciamus,
937 3224 969 3279 ad
984 3224 1050 3281 Pu·

95 3302 239 3360 blilium
266 3305 387 3379 Syrum
418 3306 579 3363 referendus
607 3316 650 3364 est
677 3307 778 3366 tt332
808 3307 855 3363 ubi
884 3308 917 3364 cl.
946 3316 1048 3371 notam,

98 3404 307 3415 ——---·--—-

164 3433 189 3499 *l
202 3437 244 3486 Ex
258 3438 312 3486 hac
325 3437 421 3488 fabule
431 3439 548 3502 plurima
560 3440 737 3504 desumpsere
749 3438 954 3489 etCloudianus
967 3453 1047 3502 quem

95 3500 244 3553 Octauiam
259 3520 366 3569 quoque
383 3510 447 3553 ante
461 3507 556 3556 oculos
568 3507 699 3558 babuisse
717 3507 879 3557 uerisimile
899 3510 941 3556 est
962 3507 1050 3570 etqui

95 3571 155 3620 eins
170 3572 298 3635 aequalis
311 3572 365 3621 tuit
378 3577 474 3622 auctor
488 3574 663 3652 carminis-de
676 3575 805 3624 leudibus
819 3573 956 3624 Herculis.
