2484 4044
241 214 305 278 442
627 227 769 275 INCERTI

243 377 273 432 et
286 368 378 430 redde
394 369 471 429 latis.
502 366 635 446 approba
646 369 751 428 'uatum
766 369 864 445 prius:
951 380 953 383 ·

243 463 275 514 ut
290 454 397 531 dignus
412 453 498 514 astris
514 452 630 522 uidear,
647 453 696 512 hic
712 452 799 514 laciet
813 453 885 513 dies.
1163 469 1185 511 r.
1197 470 1214 509 n

243 538 309 599 leue
326 546 370 598 est
389 538 468 617 quod
484 545 582 597 ectum
599 545 652 598 est.
684 536 841 598 Herculem
859 538 906 598 liic
921 540 1041 616 genitor
1058 540 1129 601 dies

242 624 375 685 inueniet
389 630 440 684 aut
454 621 626 683 damnabit!
658 621 732 682 haec
747 632 903 700 postquam
919 623 1027 694 edidit,
1188 638 1213 683 ιῖ

242 708 376 768 flammas
391 709 535 787 poposcit.
567 705 642 766 ‘hoc
657 723 711 782 age
727 706 846 767 Alcidae
862 725 962 768 comes
1188 722 1212 767 ιτ

242 810 302 852 non
319 794 433 871 segnis'
448 793 557 870 inquit:
581 790 721 870 ‘conripe
737 799 868 852 oeiaeem
886 791 990 853 lucem.
1189 805 1212 851 tt

243 895 372 937 nouerca
389 885 492 938 cernat
507 893 565 955 quo
581 876 674 936 leram
689 875 824 936 flammas
839 877 937 937 modo.
1181 891 1214 937 ιι

242 962 311 1042 quid
328 962 430 1022 dextra
445 960 584 1023 tremuit?
606 977 678 1020 num
693 977 799 1021 manus
814 961 920 1040 pauida
936 963 1055 1041 inpium
1189 974 1214 1021 ιῖε

242 1045 339 1107 scelus
354 1046 480 1123 refugit?
502 1045 594 1106 redde
609 1047 666 1106 iam
683 1045 840 1123 pharetras
856 1046 927 1106 mihi

242 1133 347 1209 ignaue
363 1132 444 1192 iners
459 1131 591 1192 inermis.
624 1148 660 1190 en
677 1138 795 1191 nostros
811 1148 918 1192 manus
1186 1145 1214 1190 iu

242 1234 317 1295 quae
333 1215 434 1277 tendat
448 1233 546 1276 arcus.
577 1214 647 1295 quid
663 1214 748 1276 sedet
761 1213 858 1293 pallor
872 1215 972 1293 genis?

241 1300 341 1362 animo
356 1302 435 1362 laces
451 1300 558 1361 inuade
573 1317 632 1377 quo
647 1298 768 1360 Alciden
783 1300 869 1360 uides

241 1385 323 1446 uoltu
338 1386 446 1446 iacere.
480 1386 596 1463 respice
611 1401 749 1445 arsurum
766 1384 867 1444 miser.

241 1477 329 1530 uocat
344 1488 413 1531 ecce
428 1472 485 1531 iam
501 1488 550 1530 me
564 1471 681 1547 genitor
697 1476 727 1530 et
741 1468 844 1547 pandit
859 1468 953 1549 polos.

240 1572 329 1615 uenio
346 1599 905 1616 .......................

240 1640 329 1699 rienio
343 1640 444 1716 pater'
460 1637 615 1718 uoltusque
632 1639 784 1699 nunidem
802 1638 865 1699 luit.

240 1730 387 1783 tremente
402 1724 504 1802 pinum
520 1724 641 1784 dextera
658 1723 810 1784 ardentem
826 1722 929 1802 inpuli.

241 1807 350 1885 refugit
365 1808 443 1885 ignis
459 1815 488 1869 et
503 1808 687 1869 reluctentur
703 1809 782 1869 laces
835 1788 846 1817 ⁵

240 1899 269 1953 et
285 1891 418 1955 membra
434 1895 543 1964 nitent,
560 1893 611 1953 sed
627 1893 815 1953 recedentem
832 1891 973 1952 Hercules

239 1978 407 2055 insequitur
423 1979 531 2054 ignem.
563 1977 726 2038 Caucasum
742 1985 792 2038 aut
806 1977 932 2037 Pindum
948 1986 999 2039 aut
1013 1978 1122 2040 Athon
1183 1990 1213 2036 ιῑι

239 2061 345 2122 ardere
362 2062 481 2124 credas:
505 2060 603 2123 nullus
618 2063 747 2141 erumpit
762 2079 868 2131 sonus,

242 2184 445 2194 .---——-

309 2232 374 2282 1718
392 2214 536 2282 lrerculem
555 2231 599 2281 hic
618 2232 730 2296 genitor
747 2231 807 2282 dies
825 2230 851 2280 E
880 2230 1029 2281 Herculem
1050 2236 1168 2297 genitor

238 2300 315 2365 prius
333 2300 359 2350 A
375 2296 388 2365 ΙΙ
405 2302 470 2351 1719
488 2300 618 2350 Inueniet
636 2303 685 2348 out
703 2299 750 2360 (en
768 2307 787 2349 i.
804 2299 883 2353 Gron.
901 2299 1023 2363 eiNHs.)
1044 2299 1166 2353 dumne·

239 2368 281 2418 bit
303 2367 329 2417 E
357 2367 469 2418 Inuenit
492 2382 528 2417 en
551 2366 696 2416 damnauit
718 2367 743 2417 A
773 2364 785 2432 ΙΙ
812 2366 864 2433 hec
886 2365 1005 2431 postquis
1025 2368 1122 2418 edidit
1141 2371 1168 2421 Ε

240 2435 336 2501 (hecp
362 2441 549 2501 postquemip
577 2433 615 2485 al'
635 2434 722 2485 edidit
740 2434 872 2499 munao)
900 2434 953 2484 hoc
971 2442 1092 2501 postque
1116 2438 1168 2488 ad·

238 2502 308 2552 didit
325 2503 351 2553 A
380 2499 391 2570 ίΙ
422 2506 490 2555 1720
512 2503 586 2552 adesi
601 2503 627 2552 Ε
648 2510 711 2566 posi
726 2519 750 2553 u.
767 2504 831 2552 1722
854 2506 1013 2567 transposuit
1037 2503 1126 2554 oron.
1153 2510 1166 2565 li

183 2581 185 2586 ’
237 2572 362 2620 flammas
389 2573 415 2622 A
444 2570 576 2620 lacrimas
602 2571 626 2619 R
655 2565 668 2636 fl
697 2571 762 2621 1722
785 2575 904 2620 oetceen
926 2571 952 2621 Ε
981 2570 1120 2621 ethueum
1146 2575 1169 2624 li

239 2638 374 2688 Oetheom
398 2640 423 2689 A
452 2634 465 2704 ll
495 2640 560 2689 1723
588 2638 720 2703 pauidum
743 2641 770 2686 et
792 2637 905 2703 impium
928 2639 954 2688 E
982 2638 1089 2705 pauide
1116 2643 1169 2691 im-

237 2707 312 2771 pium
337 2706 363 2755 A
392 2702 404 2771 H
439 2708 504 2757 1725
536 2705 599 2770 Thy.
622 2723 647 2754 u.
672 2705 848 2768 1761gueue
876 2706 950 2757 iners
979 2709 1126 2758 eneruis
1154 2712 1167 2759 lt

238 2789 272 2825 en
292 2786 305 2822 ε
315 2774 352 2835 p?
370 2774 475 2837 Lipsius
493 2778 537 2824 est
555 2774 580 2824 A
603 2767 615 2839 ll
640 2775 707 2824 1726
727 2773 792 2836 quid
810 2773 889 2823 sedet
907 2775 933 2824 Ε
952 2776 1014 2838 quis
1031 2774 1120 2826 sedet
1141 2780 1167 2828 A

238 2840 290 2906 qui
308 2839 360 2889 Bo.
377 2839 447 2891 Bad.
469 2837 481 2907 Η
502 2842 569 2892 1728
588 2843 655 2893 1729
674 2840 757 2890 Voltu
774 2842 867 2891 iecere
887 2842 997 2906 genitor
1014 2847 1043 2894 et
1060 2846 1169 2908 pendit

238 2911 304 2959 deos
315 2910 364 2959 sed
374 2910 435 2960 add.
447 2910 473 2958 in
485 2925 532 2973 mp.
544 2926 576 2962 m.
588 2925 647 2973 pm:
665 2909 756 2959 Vocat
775 2924 841 2960 ecoe
859 2923 902 2958 me
921 2911 1029 2974 genitor
1048 2916 1076 2960 et
1090 2928 1167 2977 pan-

237 2977 279 3027 dit
302 2976 369 3028 deos
391 2976 417 3026 Ε
446 2978 553 3035 (derunt
574 2979 653 3040 ipitur
674 2977 753 3028 iaec:
781 2976 890 3041 respice
914 2992 1038 3028 arsurum
1061 2980 1167 3045 miser)

237 3046 327 3095 Vocet
349 3046 425 3095 etium
447 3044 488 3096 M)
509 3044 594 3094 Vultu
615 3045 724 3106 iacere,
755 3043 863 3108 respice
888 3059 1012 3095 arsurum
1033 3047 1141 3098 miser·
1162 3052 1167 3111 Ι

237 3112 331 3177 Roget
350 3127 415 3163 ecoe
434 3114 490 3162 ium
508 3128 551 3162 me
570 3113 690 3176 genitor,
710 3118 739 3163 et
751 3112 847 3178 pandit
860 3111 938 3178 polos
955 3114 981 3163 A
995 3111 1007 3179 ll
1019 3115 1085 3164 1730
1108 3118 1168 3168 Ve-

237 3181 284 3231 nio
302 3180 384 3230 uenio
401 3185 483 3246 puter
500 3181 526 3230 E
535 3195 553 3244 p
570 3179 659 3229 Venio
677 3186 758 3246 peter
775 3182 801 3232 A
818 3175 830 3245 ΙΙ
847 3179 954 3231 ‘Mirum
971 3186 998 3231 ni
1016 3189 1076 3231 unte
1096 3184 1169 3235 Isaeo

237 3247 318 3299 uerba
335 3247 490 3313 Vultusque
509 3263 535 3296 ιι.
554 3249 571 3297 i.
586 3247 606 3296 f.
626 3264 716 3298 uermes
735 3264 798 3298 unus
816 3248 841 3298 ei
859 3251 926 3298 alter
944 3249 1167 3301 desideraretur'

239 3317 317 3368 mon.
342 3311 354 3381 ΙΙ
378 3318 445 3367 1732
462 3316 610 3366 'Premente
628 3316 654 3365 E
677 3311 688 3382 l}
712 3315 821 3382 impulit
839 3314 864 3364 Ε
889 3316 986 3382 impuli
1005 3317 1030 3366 A
1054 3312 1066 3382 ΙΙ
1093 3320 1169 3371 1733

237 3384 379 3433 luctantur
397 3383 422 3432 Ε
451 3381 624 3432 reluctentur
643 3384 668 3433 A
697 3381 708 3448 ΙΙ
739 3387 805 3436 1734
827 3384 901 3433 uitet
923 3385 948 3434 Ε
977 3385 1070 3433 nitent
1094 3387 1126 3436 A
1152 3389 1166 3449 Ιι

239 3451 304 3499 1735
323 3450 407 3499 athon
425 3456 474 3510 eit
492 3448 564 3498 Atho
582 3449 608 3499 A
631 3446 643 3513 ΙΙ
668 3452 733 3501 1736
753 3464 851 3501 cernas
870 3451 896 3500 Ε
915 3451 1014 3501 credes
1032 3452 1058 3501 A
1082 3447 1097 3518 ΙΙ
1126 3456 1169 3505 ir·

207 3550 217 3573 q
237 3516 340 3574 rumpit
357 3516 382 3564 Ε
401 3515 560 3578 erumpitur
578 3517 671 3579 erupit
690 3517 715 3566 A
738 3514 750 3581 ΙΙ
