2484 4044
230 231 294 297 432
617 245 761 293 meream

231 389 329 448 uictor
345 393 485 446 cruentus
501 384 608 447 ahstuli
623 387 750 464 patriam
765 385 845 447 lares

231 471 364 548 nihilque
380 472 506 532 miserae
522 479 641 548 praeter
656 469 779 535 Alciden
795 470 878 540 dedi,

232 565 261 618 ct
276 558 331 616 iste
346 557 470 633 rapitur.
502 565 607 633 penset
621 572 780 616 aerumnas
794 572 878 623 suas,

231 641 310 702 leuis
325 647 465 718 nepotem
480 641 580 702 foueat
595 647 624 700 et
640 648 740 701 natum
756 639 901 700 Herculis.

232 725 285 785 tibi
300 725 348 786 illa
365 727 460 803 pariat
475 725 613 805 quicquid
630 744 666 785 ex
681 724 769 785 nubis
783 724 882 785 habet.

231 818 322 888 tuque
338 812 401 888 ipsa
417 809 553 889 planctus
568 828 646 887 pene
662 809 804 870 funereos
818 827 927 887 precer

232 915 250 956 ο
266 913 335 957 cara
351 897 501 973 genetrix,
518 896 593 955 uiuit
607 893 723 954 Alcides
738 893 807 954 tihi:

232 982 342 1041 uirtute
358 987 457 1040 nestra
474 979 617 1057 paelicem
632 980 691 1039 leci
705 986 787 1039 tuam

233 1065 314 1125 credi
330 1082 500 1125 nouercam.
531 1065 595 1125 siue
611 1071 752 1125 nascente
767 1062 896 1124 Hercule

232 1167 292 1210 nex
306 1147 355 1208 illa
371 1158 451 1209 certa
469 1151 591 1210 estsine
607 1148 741 1209 mortalis
756 1166 841 1209 meus

232 1240 317 1313 pater
333 1241 393 1303 est,
409 1233 478 1295 lieet
493 1234 530 1294 sit
546 1233 617 1295 falsa
634 1234 793 1311 progenies
808 1234 881 1302 mei,

234 1326 366 1378 materna
385 1318 469 1395 culpa
486 1325 581 1380 cesset
596 1327 625 1379 et
640 1321 754 1379 crimen
770 1318 864 1379 leuis:

234 1404 331 1463 merui
346 1411 515 1482 parentem:
540 1403 650 1463 centuli
667 1402 750 1463 eaelo
766 1403 866 1464 decus.

233 1496 338 1548 natura
355 1506 403 1548 me
418 1490 555 1565 concepit
569 1490 600 1549 in
615 1487 718 1548 laudes
733 1488 821 1549 leuis.

234 1572 304 1651 quin
319 1574 383 1651 ipse
399 1590 579 1650 quamquam
593 1573 628 1632 lu
650 1574 727 1650 piter
743 1573 827 1633 credi
842 1588 926 1632 meus

216 1664 317 1737 pater
332 1674 397 1717 esse
412 1656 531 1735 gaudet.
558 1590 651 1735 parcl
663 1658 720 1717 iam
736 1655 866 1717 lacrimis
881 1674 1004 1734 parens:

232 1741 363 1819 superba
378 1748 488 1801 matres
502 1743 580 1802 inter
595 1741 740 1819 argolicas
757 1744 825 1802 eris.

234 1825 304 1903 quid
321 1825 378 1886 tale
394 1827 467 1886 luno
483 1828 604 1904 genuit?
628 1826 792 1888 aetherium
807 1843 914 1904 gerens

234 1920 385 1988 sceptrum
402 1919 431 1971 et
447 1913 561 1971 tonanti
577 1920 667 1988 nupta
685 1911 804 1972 mortali
820 1919 936 1987 tamen=

235 1995 349 2056 caelum
365 2004 470 2056 tenens
485 1996 607 2056 inuidit:
630 1995 753 2057 Alciden
768 2014 855 2055 suum

234 2080 291 2141 dici
307 2098 371 2141 esse
386 2081 490 2149 uoluit.
521 2098 633 2159 perage
646 2097 726 2141 nunc
742 2081 828 2140 Titan
844 2082 924 2142 uices

234 2164 314 2226 solus
329 2164 464 2225 relictus:
488 2163 537 2225 ille
553 2168 604 2244 qui
620 2175 720 2226 uester
736 2183 836 2227 cornea

234 2250 344 2328 ubique
360 2251 489 2319 fueram,
508 2257 617 2310 tartara
634 2258 664 2310 et
679 2268 781 2310 manes
797 2258 875 2328 pete.

233 2335 311 2395 hanc
327 2341 425 2395 lamen
440 2334 476 2394 ad
493 2336 568 2396 imos
583 2336 732 2413 perieram
747 2333 865 2395 laudem
879 2334 1037 2410 inclutam,

302 2523 368 2572 1496
391 2520 475 2571 ΗΕΒ.
492 2521 519 2569 Ε
541 2536 587 2571 om.
607 2522 632 2571 A
656 2517 667 2587 ΙΙ
690 2521 810 2586 patrium
832 2518 906 2571 lares
931 2521 997 2571 εοΕ
1026 2523 1125 2586 patrio
1148 2540 1166 2574 5

233 2590 293 2639 lare
312 2590 337 2639 A
362 2588 489 2654 apatrio
508 2590 594 2638 extuli
612 2589 672 2639 lere
691 2590 714 2639 li
734 2585 746 2655 ΙΙ
770 2589 835 2639 1498
853 2589 890 2638 Et
907 2589 970 2652 ipse
988 2589 1014 2639 Ε
1037 2589 1078 2638 Et
1098 2592 1164 2656 ipse

233 2662 269 2709 ‘o.
287 2674 310 2707 u.
330 2660 358 2706 l.'
377 2658 449 2706 Delr.
468 2657 504 2706 ut
522 2656 575 2706 iste
594 2658 619 2707 A
639 2653 651 2723 ll
672 2660 740 2706 tuae
758 2656 833 2706 NHe.
894 2659 958 2707 1501
978 2657 1116 2708 funereos
1138 2659 1166 2708 Ε

234 2724 365 2774 funebres
378 2725 403 2774 A
415 2720 427 2790 ll
440 2726 506 2774 1502
524 2723 601 2775 clarc
614 2739 627 2774 ε
640 2725 665 2774 Α
685 2740 757 2774 cera
771 2724 845 2773 NHr.
883 2725 955 2775 uiuit
966 2725 992 2775 E
1009 2725 1093 2775 uiuet
1104 2728 1135 2778 A
1155 2726 1165 2793 ΙῘ

233 2791 287 2840 tibi
304 2791 331 2839 Ε
349 2796 412 2841 tuus
431 2793 456 2842 A
476 2787 488 2857 ll
510 2791 575 2843 1503
593 2794 687 2842 nostri
703 2792 729 2842 E
746 2797 842 2841 nostra
860 2792 886 2841 A
902 2788 913 2857 ll
935 2794 1000 2843 1504
1018 2800 1166 2847 nascente

233 2858 345 2909 hercule
362 2859 388 2908 E
410 2864 546 2909 nascente
565 2860 688 2910 Hercule
708 2861 733 2910 A
750 2856 762 2925 ll
780 2860 846 2909 1505
868 2859 929 2910 Nox
947 2861 999 2911 εΑ
1022 2860 1089 2910 Non
1106 2871 1135 2925 ψ
1154 2862 1164 2928 ΙΙ

235 2928 301 2978 1506
319 2929 375 2977 mei
392 2928 449 2978 Eli
466 2927 533 2976 mihi
549 2929 574 2978 A
597 2924 610 2995 ll
634 2928 698 2979 1507
718 2928 791 2977 abest
809 2927 835 2977 Ε
856 2926 869 2992 ΙΙ
892 2930 959 2980 1508
978 2930 1044 2980 1509
1064 2930 1166 2981 munt

236 2995 285 3059 (lp
307 2990 319 3061 ll
344 2996 409 3046 1510
428 3010 509 3060 quem
527 2994 553 3045 Ε
571 3003 776 3060 quamquamrp
801 3010 909 3060 quaque
928 2997 953 3046 A
977 2999 1135 3060 quoquere
1155 2996 1164 3065 Ι.

236 3064 301 3113 1511
319 3063 442 3113 lacrimis
460 3078 563 3128 parens
581 3062 689 3113 amu
707 3063 832 3113 lacrimis
845 3065 913 3114 meis
932 3065 957 3114 A
969 3060 981 3129 ΙΙ
994 3065 1061 3114 1516
1082 3066 1165 3127 Quid

234 3128 292 3180 tale
305 3131 369 3179 iuno
381 3133 478 3196 genuit
490 3131 515 3180 Ε
533 3132 597 3192 (1.1.
618 3132 716 3195 genuit
734 3131 843 3195 peperit
861 3131 918 3195 (om.
932 3131 1007 3191 iuno)
1025 3131 1067 3180 M)
1087 3133 1123 3193 Q.
1141 3139 1164 3186 t.

233 3199 302 3248 Iuno
314 3201 424 3263 peperit
437 3200 462 3249 A
474 3195 486 3264 ll
500 3200 564 3249 1515
577 3198 648 3263 ,Dici
661 3214 722 3249 esse
734 3216 756 3249 ω
774 3199 848 3261 Dici,
863 3214 925 3249 esse
938 3199 988 3250 Be.
1003 3199 1068 3248 Dici
1081 3200 1116 3264 ip
1126 3216 1163 3251 se

234 3268 277 3316 nel
286 3265 353 3315 Dici
366 3281 446 3317 ecee
461 3267 537 3320 NHc.
552 3269 608 3331 ipae
621 3267 744 3316 Dixisse
757 3271 922 3327 coniecerant,
935 3270 983 3318 aed
993 3268 1045 3317 auu
1057 3267 1164 3320 Teren·

235 3337 284 3383 tina
295 3335 392 3384 Heant.
404 3352 429 3387 u.
444 3338 493 3384 106
510 3337 571 3400 Ego
584 3340 612 3384 te
625 3349 714 3384 meum
735 3349 812 3385 esse
832 3335 903 3385 (1151
920 3335 1058 3400 tantisper
1076 3336 1163 3388 uolo

236 3402 455 3451 5152705555
478 3402 557 3462 Quae
581 3405 623 3450 eet
646 3401 741 3451 dicte
760 3407 848 3452 meter
870 3417 946 3453 esse
971 3403 997 3454 ei
1021 3403 1154 3455 antehae

235 3481 290 3515 non
308 3468 370 3518 fuit.
391 3465 403 3531 ΙΙ
425 3469 490 3516 1516
510 3469 574 3517 1517
593 3472 731 3518 conrnutati
747 3470 770 3519 R
789 3465 802 3534 ΙΙ
823 3472 887 3519 1517
905 3475 1000 3520 noster
1017 3470 1041 3519 R
1054 3470 1103 3521 Mo
1125 3512 1132 3524 .
1155 3443 1165 3537 l

235 3531 358 3581 relictas
377 3533 453 3582 NHe.
467 3530 479 3597 ll
493 3534 558 3583 1518
575 3534 747 3598 Vbicumque
766 3533 890 3601 11111519
908 3538 1033 3588 indutam
1051 3537 1078 3586 Ε
1102 3488 1122 3603 ff
