2544 4046
263 298 266 305 .
356 280 360 290 ·
410 264 532 314 nnnrer
549 264 794 313 rnenununvn
1000 252 1060 316 113

140 405 213 467 illud
230 423 348 466 cruore.
376 422 481 482 magna
499 405 647 484 praesagit
663 404 738 465 mala

139 499 284 570 paternus
299 491 424 551 animus.
452 489 528 549 iacta
543 491 603 549 iarn
617 497 686 550 sunt
700 490 813 551 semina

141 574 234 636 cladis
250 574 382 635 suturae:
399 575 550 653 spernitur
565 575 643 653 pacti
657 574 739 635 fides.

110 687 128 721 e
183 660 238 720 Hic
254 665 397 737 occupato
413 658 521 720 cedere
535 658 663 735 imperio
677 665 773 736 negat,

140 745 187 805 ius
201 742 252 804 ille
267 744 362 804 elicii
377 743 548 804 laederis
563 747 653 803 testes
669 742 740 802 dens

139 829 260 889 inuocat
275 837 304 889 et
318 828 413 904 Argos
427 825 497 887 exul
512 833 600 905 atque
616 825 706 888 urbes
721 836 823 888 mouet

139 915 239 990 graias
254 914 284 973 in
300 929 393 995 arma.
419 929 480 971 nnn
495 910 569 972 leuis
584 911 670 971 sessis
686 912 768 972 uenit

139 998 226 1057 ruina
242 995 365 1056 Thebis:
381 994 439 1057 tela
455 995 592 1057 flammae
607 994 732 1056 uulnera

140 1085 251 1142 instant
266 1089 296 1141 et
310 1082 374 1141 istis
389 1082 413 1141 si
429 1081 508 1158 quod
525 1087 568 1140 est
583 1081 678 1141 maius
692 1078 820 1141 malum:

134 1172 174 1237 ,ut
190 1182 255 1226 csse
271 1166 387 1243 genitos
403 1182 490 1225 nemo
506 1182 565 1224 non
582 1183 617 1225 ex
634 1182 681 1225 me
696 1165 779 1226 sciat.

100 1248 127 1304 e'
183 1262 264 1310 Aur.
288 1249 319 1309 Si
334 1247 412 1309 nulla
429 1251 544 1327 genitor
560 1266 647 1309 causa
664 1249 785 1309 uiuendi
800 1249 852 1309 tibi
868 1256 921 1318 est,

139 1334 214 1395 haec
229 1351 287 1393 una
303 1333 421 1394 abunde
437 1343 490 1401 est,
508 1342 541 1393 nt
555 1340 639 1410 pater
654 1340 759 1409 gnatos
775 1350 861 1411 regas

139 1419 272 1494 grauiter
287 1417 428 1478 lurentes.
455 1425 486 1478 tu
501 1418 573 1495 inpii
589 1415 658 1476 belli
673 1419 767 1478 minas

139 1509 278 1563 auertere
293 1520 371 1562 unus
386 1511 476 1580 tuque
491 1501 654 1561 naecurdes
668 1509 754 1580 potes

139 1585 276 1647 inhibere
291 1588 425 1656 iuuenes,
442 1583 556 1646 ciuibus
571 1602 675 1664 pacem
693 1586 764 1646 darc

138 1673 254 1749 patriae
269 1671 398 1749 quietem
414 1669 428 1728 l
432 1670 563 1731 cederi
579 1669 658 1730 laeso
673 1669 771 1735 iidem.

140 1756 232 1816 uitam
248 1754 302 1814 tibi
316 1756 379 1832 ipse
395 1755 419 1815 si
434 1771 534 1832 negas,
551 1753 650 1815 multis
665 1772 765 1832 negas

106 1860 128 1894 a
184 1852 302 1901 onnrr.
325 1838 386 1900 lllis
400 1840 570 1918 parentis
585 1837 662 1900 ullus
677 1846 728 1900 aut
743 1840 829 1918 aequi
844 1847 888 1901 est
903 1857 1004 1900 amor
1074 1859 1125 1908 295

137 1924 234 1985 auidis
249 1925 364 1985 crucris
378 1925 485 2002 imperi
500 1941 653 1984 armorum
671 1922 731 1983 doli

138 2008 212 2069 diris
227 2008 359 2069 scelestis
374 2009 505 2069 breuiter
521 2015 553 2068 ut
568 2007 662 2068 dicam
680 2008 772 2068 rneisi

138 2099 255 2154 certant
269 2094 299 2151 in
315 2110 404 2152 omne
419 2092 533 2153 lacinus
548 2100 577 2153 et
590 2093 676 2171 pensi
691 2091 765 2153 nihil

138 2177 252 2238 ducunt
267 2177 317 2238 ubi
332 2175 398 2236 illus
413 2178 455 2238 ira
471 2178 649 2254 praecipites
663 2179 723 2255 agit

138 2262 281 2341 nefasque
297 2259 410 2331 nullum
425 2280 479 2340 per
495 2261 578 2322 nelas
593 2262 653 2322 nati
668 2268 782 2340 putant.
1073 2282 1124 2332 300

93 2339 124 2399 a'
181 2345 247 2406 Non
263 2347 382 2423 patris
397 2343 462 2407 illos
477 2347 570 2423 tangit
585 2344 683 2406 afflicti
699 2345 836 2424 pudor,

138 2447 201 2489 non
217 2432 320 2509 patria,
337 2448 432 2508 regno
448 2437 551 2508 pectus
566 2431 721 2490 attonitum
736 2430 819 2491 lurit.
1008 2445 1031 2490 s.
1046 2445 1156 2509 xxxxv

137 2515 201 2575 scio
217 2533 275 2593 quc
291 2516 435 2583 ferantur,
451 2521 559 2594 quanta
575 2513 673 2574 moliri
688 2521 795 2593 parent
855 2534 858 2542 ·

134 2598 267 2678 ideoque
282 2598 333 2659 leti
347 2616 459 2676 quaero
473 2608 619 2659 maturam
636 2599 714 2659 niam

137 2685 276 2761 morique
289 2700 429 2762 propero,
446 2684 560 2744 dunin
577 2683 665 2744 demo
681 2700 768 2744 nemo
784 2691 829 2745 est
842 2702 908 2746 mea
1073 2708 1124 2757 305

139 2767 296 2828 nocentior
310 2785 359 2829 me
361 2812 887 2831 ...........

183 2853 253 2913 Ant.
300 2898 306 2910 .
353 2900 359 2911 .
406 2899 413 2913 .

104 2953 123 2988 e
181 2935 287 3014 Oedip.
447 2938 556 3005 Gnata,
574 2935 643 3014 quid
659 2935 785 3014 genibus
800 2938 873 2998 meis

135 3019 191 3082 iles
206 3020 363 3081 aduoluta?
386 3022 456 3100 quid
471 3039 561 3100 prece
576 3021 751 3081 indomitum
767 3021 887 3083 domas?

204 3207 255 3258 289
273 3207 366 3273 Regat
382 3207 408 3257 E
425 3206 508 3273 regas
526 3208 551 3258 A
574 3203 586 3273 ΙΙ
614 3208 665 3258 290
683 3206 806 3259 ferentes
824 3209 850 3258 E
872 3205 884 3275 fl
912 3211 962 3262 293
980 3211 1056 3263 lesos

134 3273 160 3322 Ε
178 3273 257 3325 laeso
276 3274 301 3324 A
331 3270 343 3341 ΙΙ
371 3276 421 3326 295
440 3280 483 3326 est
499 3291 580 3340 cupra
597 3276 640 3326 lin.
656 3273 681 3324 E
703 3270 715 3341 ΙΙ
743 3277 793 3326 297
811 3276 879 3327 uiris
898 3277 1012 3328 electis
1030 3278 1056 3328 E

32 3336 45 3355 ‘
133 3341 205 3396 diris
227 3340 356 3392 scelestis
375 3344 399 3393 A
429 3339 442 3408 [l
469 3343 519 3393 299
538 3347 607 3408 ngat
624 3343 649 3392 A
673 3343 734 3407 egit
751 3343 812 3408 Εψ
840 3340 853 3410 ΙΙ
881 3314 932 3396 301
953 3349 1056 3395 maturi

133 3410 161 3459 A
179 3413 318 3459 maturam
336 3410 362 3460 E
383 3406 396 3476 ΙΙ
419 3411 469 3462 305
486 3411 609 3475 morique
621 3411 647 3460 A
666 3426 719 3475 que
736 3427 784 3462 om.
797 3413 823 3464 Ε
846 3415 960 3464 lacunam
976 3415 1055 3478 cipri·

129 3478 213 3539 ficaui
228 3479 302 3528 unius
319 3493 418 3541 uersus,
437 3494 494 3528 nam
511 3476 799 3544 ltlepuoque(cfi139)
817 3482 964 3543 Antipnnae
975 3481 1056 3532 uerba

133 3545 299 3596 intercidisse
316 3547 392 3596 docet
410 3544 504 3610 Oedipi
518 3546 689 3611 interropatin
703 3541 778 3609 (307)
802 3543 815 3613 ΙΙ

189 3659 313 3696 SENECAE
334 3660 418 3698 TRAG.
831 3628 850 3692 8
