2484 4044
236 234 300 299 426
627 246 768 294 menam

238 402 343 451 ancer.
360 389 479 449 ubinam
498 389 552 449 ista
568 386 645 465 palla
661 388 723 447 esti
746 386 879 446 membra
897 386 1004 447 nudata
1021 387 1141 448 intuor.

238 487 342 534 Hane.
360 480 534 552 consumpta
550 490 667 533 mecum
683 479 737 532 est.

238 570 343 620 ancer.
744 562 863 616 tantane
879 557 999 615 inuenta
1017 563 1068 615 est
1084 555 1168 618 luesi

238 655 341 704 nnnc,
358 663 375 703 u
392 651 486 704 mater
501 642 626 722 hydram
644 649 674 702 et
689 639 770 701 mille
786 659 854 701 cum
872 640 965 701 Lerna
983 640 1068 702 feras
1117 690 1121 696 .
1182 663 1224 717 lta}

239 746 341 789 errare
356 727 461 789 mediis
477 727 566 788 crede
581 724 748 786 uisceribus
763 727 848 787 meis.
1223 750 1224 753 ¹

240 832 315 892 qnae
331 820 410 874 tanta
427 813 521 873 nubes
536 811 654 873 flamma
670 811 795 870 sicaniae
813 817 907 877 secat,

239 916 314 978 quae
330 898 458 958 Lemnos
474 897 597 965 ardens,
614 912 690 972 quae
706 893 790 973 plaga
806 895 924 972 igniferi
940 891 1001 972 poli

239 991 343 1044 uetans
358 982 494 1058 flagranti
510 999 632 1042 currere
647 981 677 1039 in
693 997 766 1039 zerra
783 979 881 1041 diem?

239 1069 267 1127 in
283 1069 346 1144 ipsa
363 1084 411 1126 me
426 1068 533 1127 iactate
549 1083 603 1142 pro
620 1066 742 1125 comites
757 1063 832 1126 freta

239 1152 412 1229 mediosque
427 1153 457 1210 in
474 1167 584 1211 amnes.
605 1184 641 1194 —
658 1151 710 1227 qui
726 1156 770 1209 sat
786 1156 830 1208 est
844 1148 943 1208 Hister
959 1147 1055 1207 mitit

241 1253 300 1296 non
316 1238 379 1313 ipse
395 1237 483 1296 terris
499 1236 593 1296 maior
610 1233 746 1295 Oceanus
760 1251 843 1294 meos

239 1322 356 1399 franget
372 1338 515 1398 uapores,
532 1320 630 1381 omnis
644 1319 675 1378 in
690 1319 799 1378 nostris
815 1315 900 1378 malis

240 1406 355 1466 deliciet
371 1423 471 1475 umor,
489 1406 584 1465 omnis
599 1412 714 1464 arescet
729 1402 816 1464 later.

240 1490 310 1570 quid
326 1498 427 1551 rector
442 1489 533 1550 Erebi
549 1506 598 1549 me
613 1487 786 1548 remittebas
800 1486 882 1548 louil

240 1575 339 1635 decuit
354 1574 458 1634 teneri,
490 1573 583 1634 redde
599 1591 646 1632 me
661 1572 795 1633 tenebris
809 1573 877 1632 tuis.

240 1658 355 1738 qualem
372 1658 501 1719 subactis
516 1656 676 1719 Herculem
692 1657 830 1718 ostendes
841 1656 939 1730 serist
1189 1672 1218 1722 n·

240 1741 312 1803 nihil
328 1743 397 1803 inde
412 1743 534 1812 ducam,
553 1742 623 1821 quid
640 1743 726 1802 times
740 1743 847 1803 iterum
864 1739 1041 1801 Herculem?

239 1827 346 1888 inuade
361 1845 442 1889 mors
458 1846 513 1888 nec
528 1828 657 1906 trepida:
673 1827 732 1887 iam
748 1843 868 1905 possum
886 1826 970 1885 mori.

240 1924 345 1973 necor.
369 1930 515 1991 conpesce
531 1912 668 1972 lacrimas
683 1910 786 1972 saltem
804 1917 833 1972 et
848 1926 1005 1970 aerumnas
1020 1909 1124 1975 doma

241 1996 384 2077 malisque
400 1999 489 2058 tantis
504 1997 664 2058 Herculem
679 1997 856 2056 indomitum
873 1995 951 2055 refer

241 2090 427 2161 mortemque
442 2082 538 2143 differ.
569 2098 644 2160 quos
659 2080 736 2141 soles
751 2083 838 2141 uince
853 2079 975 2140 inferos.
1191 2094 1223 2144 na

240 2179 343 2227 Hanc:
360 2168 383 2226 si
400 2185 447 2227 me
462 2168 573 2228 catenis
588 2165 730 2227 horridus
747 2167 878 2226 uinctum
895 2165 956 2226 suis

241 2252 399 2330 praeberet
415 2252 519 2313 auidae
535 2252 682 2313 Caucasus
698 2249 813 2311 uolucri
829 2248 951 2327 dapem:

241 2337 357 2416 Scythia
375 2343 512 2415 gemente
526 2334 633 2398 flebitis
648 2335 776 2413 gemitus
792 2334 863 2395 mihi

242 2473 444 2481 *no-u..—

310 2541 374 2591 1361
392 2541 455 2604 ipsa
474 2542 525 2590 εΑ
544 2540 600 2589 ista
618 2537 667 2590 Bo.
681 2534 694 2604 ΙΙ
710 2538 776 2589 1363
788 2545 814 2588 et
828 2537 894 2589 1364
910 2539 1068 2588 conmutauit
1089 2540 1178 2591 GFa-

239 2610 334 2660 bn'ct'us
342 2608 537 2670 Regiemontani
547 2607 636 2657 librum
647 2612 756 2657 sendus.
770 2622 820 2656 non
831 2606 991 2656 consentiunt
1002 2603 1056 2655 ΕΑ
1069 2601 1081 2671 ΙΙ
1100 2610 1179 2660 1364

239 2677 353 2726 Lernae
372 2674 422 2726 Bo.
449 2673 461 2741 ΙΙ
492 2677 556 2725 1363
574 2674 657 2724 erede
675 2673 736 2723 ER
755 2673 836 2723 credo
855 2673 879 2722 A
909 2667 922 2739 ss
952 2673 1017 2723 tata
1035 2680 1130 2724 secat
1151 2677 1179 2726 E

241 2758 350 2794 secans
375 2743 427 2793 GH.
459 2741 530 2792 bibit
552 2744 578 2794 A
607 2738 619 2808 ΙΙ
649 2742 715 2793 1366
733 2740 848 2805 igniferi
864 2739 890 2789 E
918 2740 1041 2805 ignifera
1061 2741 1109 2790 ΛΕ
1125 2746 1140 2805 (
1146 2745 1178 2805 1)

239 2811 325 2861 inferi
342 2811 365 2861 A
382 2810 486 2860 inferni
503 2811 528 2860 A
545 2805 557 2876 Ι]
576 2812 641 2861 1367
659 2813 737 2860 uetat
755 2808 780 2857 E
798 2813 897 2858 uetans
915 2804 965 2874 ΑΗ
983 2808 1049 2859 1363
1069 2812 1128 2872 qui
1150 2812 1179 2862 E

241 2880 304 2943 quis
322 2879 347 2928 A
376 2874 388 2943 ll
420 2880 483 2929 1371
502 2878 616 2943 franget
637 2877 688 2927 εΑ
718 2877 824 2942 frangit
846 2875 1015 2941 Scaligeranu
1044 2875 1180 2945 frangat

240 2947 318 2997 NHs.
339 2943 351 3014 Ι]
372 2948 439 2997 1374
456 2946 546 2997 teneri
564 2946 589 2995 E
606 2950 702 2995 tenere
722 2945 746 2994 A
763 2941 775 3010 ΙΙ
796 2945 862 2995 1376
880 2943 997 3004 Qualem
1015 2969 1047 2978 —
1068 2952 1180 2998 osten·

807 3008 834 3048 al'
849 3008 877 3049 tis

241 3066 289 3116 des
307 3065 333 3115 Ε
361 3065 458 3116 Talem
477 3092 509 3101 -
523 3064 641 3183 §ostende
660 3065 684 3112 A
755 3063 946 3113 subactumlt
974 3058 986 3129 ΙΙ
1014 3063 1126 3116 inferis
1154 3083 1180 3117 ω

241 3133 476 3198 ferisscripainn
489 3133 703 3184 decedentum?
744 3132 810 3183 1316
822 3130 914 3181 Niebil
926 3131 1098 3181 inducamE
1122 3134 1182 3185 Ni·

241 3199 298 3252 cbil
309 3199 374 3251 inde
387 3201 487 3252 ducam
503 3202 526 3252 H
543 3199 589 3250 Nil
607 3198 671 3249 inde
690 3200 788 3249 ducam
807 3194 934 3266 Afltcta
952 3213 987 3249 ne
1005 3199 1129 3263 trepida
1150 3202 1182 3252 E

241 3283 293 3319 nec
311 3273 344 3321 tr.
364 3269 387 3320 R
416 3284 471 3319 non
488 3273 522 3319 tr.
541 3263 666 3334 Alliam
684 3273 796 3317 notum
815 3270 866 3316 est
884 3268 953 3317 mori
971 3266 1046 3316 NHs.
1063 3262 1075 3332 ΙΙ
1096 3269 1182 3321 1378

241 3352 374 3402 erumpnas
386 3336 411 3386 Ε
430 3351 575 3386 aerumnas
588 3336 613 3387 A
625 3332 637 3401 ΙΙ
650 3337 716 3386 1380
733 3334 814 3386 differ
829 3334 852 3384 Ε
869 3334 952 3385 uince
965 3334 989 3384 A
1002 3329 1014 3400 Η
1027 3334 1106 3397 quod
1131 3340 1182 3390 εΑ

241 3419 309 3468 quos
328 3399 374 3470 fill
388 3406 453 3455 1382
472 3403 565 3468 alique
582 3418 663 3453 casus
682 3403 707 3452 Ε
726 3403 855 3467 aquilae
874 3402 953 3453 tiron.
973 3401 1074 3452 auidae
1087 3401 1183 3455 Oan—

242 3485 324 3520 casus
341 3472 367 3520 A
384 3467 395 3535 ΙΙ
413 3472 478 3521 1383
497 3468 603 3519 Scithie
620 3471 646 3519 Ε
665 3470 773 3520 Sithiae
793 3469 838 3533 (ae
857 3486 893 3520 erc
911 3486 928 3519 a
942 3469 1026 3533 facto)
1045 3469 1069 3519 R
1093 3471 1183 3537 Scy-

341 3533 368 3592 'll
381 3541 507 3600 gemente
526 3538 641 3587 cDelrio
660 3542 814 3601 gementem
833 3539 857 3587 A
877 3538 994 3601 rigente
1014 3537 1091 3590 NHs.
1125 3536 1143 3606 ΙΙ
