2536 4046
254 251 310 298 IIII
622 247 821 326 Pssnnsnuto

238 438 275 451 -·
300 425 369 482 quae
391 423 436 464 res
452 425 512 464 cum
536 410 649 465 maxime
666 425 761 465 eorum
780 408 903 483 opinioni
927 409 1081 481 refragatur
1102 412 1126 466 si
1150 410 1198 484 qui

236 496 421 550 recentiorum
446 492 580 549 librorum
609 493 714 567 copiam
742 492 924 550 ellorentino
954 493 1107 549 deriuatam
1135 511 1198 552 esse

237 586 335 652 putant
365 598 418 633 -ε
452 594 507 634 non
534 576 623 634 solum
650 577 803 634 fabularum
832 594 921 651 neque
948 578 1015 634 ordo
1039 595 1131 651 neque
1155 579 1199 634 in·

236 663 402 736 scriptiones
423 662 541 719 Etrusco
568 664 736 719 conueniunt
764 679 827 718 cum
854 662 955 718 ceteris
980 661 1074 725 libris,
1100 679 1199 719 uerum

238 749 322 803 etiam
344 749 495 821 scripturae
513 748 649 803 sexcentis
665 747 734 804 locis
751 755 828 802 tanto
852 761 936 821 opere
957 749 1031 803 inter
1046 763 1075 802 se
1097 747 1200 804 discre-

238 829 360 906 pant*),
389 841 421 887 ut
442 832 474 887 ad
499 832 566 887 duas
588 830 712 888 diuersas
736 831 910 888 recensiones
933 847 988 887 non
1012 832 1121 905 possint
1142 848 1198 889 non

237 916 348 972 referri.
507 907 511 914 ⁴

296 1002 395 1079 xlicque
412 1000 501 1074 magis
517 999 646 1074 prolecto
664 1007 706 1056 est
724 1000 797 1073 qnod
814 1000 846 1055 de
863 1000 1009 1074 utriusque
1024 1000 1198 1057 recensionis

235 1082 376 1151 uetustate
408 1081 573 1141 dubitemus.
620 1085 810 1141 l'lmauearum
832 1084 1051 1141 membranarum
1079 1092 1199 1141 aetatem

211 1160 347 1225 'saeculo
370 1169 414 1224 ll0-
436 1171 656 1243 conscriptarum
678 1178 791 1242 superat
813 1169 900 1225 multo
924 1172 948 1225 is
972 1169 1042 1225 unde
1065 1168 1199 1226 Etruscus

236 1257 421 1327 transcrIptus
454 1262 496 1310 est
518 1253 587 1309 liber
611 1256 656 1327 qui
681 1253 834 1310 uncialibus
855 1254 945 1310 literis
974 1262 1098 1310 exaratus
1129 1262 1198 1312 erat.

238 1340 263 1394 Α
288 1355 356 1395 uero
379 1338 550 1395 recensionis
572 1346 738 1394 uetustatem
760 1346 897 1394 testantur
912 1338 977 1395 lolia
997 1336 1043 1394 illa
1064 1341 1199 1413 rescripta

239 1423 429 1486 ambrosiana,
447 1440 516 1496 quae
532 1432 595 1479 ante
610 1440 657 1480 vm
672 1422 717 1479 uel
734 1439 767 1482 v1
783 1422 922 1480 saeculum
938 1422 1042 1497 scripta
1057 1439 1119 1479 esse
1133 1441 1199 1498 pro·

240 1506 331 1564 babile
354 1515 405 1563 est.
440 1508 504 1563 Nam
532 1508 650 1580 plautini
672 1507 774 1562 codicis
796 1509 932 1580 scriptura
960 1507 1077 1580 pristina
1097 1507 1199 1565 saeculi

240 1592 332 1667 quinti
349 1591 468 1648 lortasse
485 1592 590 1665 quarti,
607 1591 760 1665 posterior,
777 1607 830 1663 qua
845 1592 949 1646 ueteris
967 1594 1122 1649 testamenti
1139 1594 1199 1667 qui-
1258 1616 1259 1671 p

143 1726 147 1732 .
242 1677 302 1733 dam
316 1675 379 1732 libri
396 1678 498 1733 exarati
512 1683 585 1737 sunt,
602 1676 668 1731 noni
684 1681 727 1731 est
742 1673 865 1746 (Ritscbl,
879 1674 948 1748 prol.
962 1675 994 1731 ad
1003 1676 1075 1732 Tria.
1086 1677 1197 1750 p.Vlll),
1258 1680 1259 1687 ’

242 1761 317 1817 uude
334 1760 453 1817 Senecae
474 1759 541 1817 lolia
557 1776 612 1816 non
628 1768 693 1832 post
709 1768 836 1816 octauum
858 1759 996 1816 saeculum
1012 1763 1115 1834 scripta
1136 1779 1198 1818 esse

245 1853 334 1920 patet,
357 1845 466 1902 saeculo
482 1861 549 1900 uero
566 1842 653 1900 multo
675 1846 760 1917 priori
782 1845 906 1901 codicem
927 1845 960 1900 ad
976 1862 1057 1919 quem
1078 1847 1199 1919 pertine·

240 1930 306 1986 bant
327 1938 358 1986 ut
380 1929 546 1991 tribuamus,
570 1929 645 2003 cogit
667 1932 803 2003 scriptura
827 1930 888 1985 eius
910 1931 1040 1986 continua
1059 1938 1087 1986 et
1107 1930 1198 1988 literis

238 2014 392 2071 uncialibus
417 2030 556 2088 expressa.
587 2013 698 2070 Accedit
713 2013 879 2071 Lactanti
901 2015 1088 2071 testimouium
1110 2016 1198 2088 quod·

240 2100 301 2154 dam
322 2100 454 2155 statiauae
476 2097 610 2157 thebaidis
641 2100 816 2173 interpretis,
845 2114 925 2171 quem
946 2115 1002 2154 non
1024 2097 1111 2155 multo
1134 2109 1198 2173 post

240 2183 368 2240 Seruium
384 2182 470 2238 luisse
487 2182 568 2239 hodie
584 2190 694 2256 recepta
710 2191 752 2240 est
769 2184 872 2257 opinio.
903 2184 929 2239 ls
945 2184 1016 2239 enim
1032 2199 1092 2240 cum
1110 2185 1198 2258 Tlrye·

240 2270 290 2325 stis
307 2287 352 2324 uu.
371 2265 539 2325 342-352
562 2267 680 2323 allerens
697 2285 724 2326 u.
742 2266 802 2325 347
823 2270 925 2324 cumA
946 2275 1056 2324 tueatur
1079 2268 1198 2341 scriptu·

239 2371 298 2410 ram
316 2352 456 2416 „trabes‘¹,
472 2369 528 2408 non
545 2351 658 2414 „lores“
676 2353 747 2425 quod
765 2353 791 2408 in
809 2353 837 2408 E
851 2351 961 2426 legitur,
978 2351 1085 2425 uolgari
1101 2368 1199 2410 recen·
1260 2396 1261 2415 ,

243 2440 321 2495 sione
338 2455 368 2494 se
384 2453 464 2493 usum
481 2453 541 2494 esse
558 2437 659 2510 prodit.
1260 2424 1261 2435 ¹

305 2522 338 2577 Vt
362 2537 429 2577 uero
460 2521 604 2594 utriusque
630 2523 740 2594 generis
763 2521 839 2583 libri,
869 2536 1031 2593 quamquam
1052 2521 1080 2576 in
1104 2522 1198 2579 multis
1259 2482 1261 2565 l

242 2623 274 2662 ac
295 2606 464 2679 gravissimis
487 2605 569 2661 rebus
597 2607 670 2662 inter
690 2623 720 2663 se
742 2604 884 2665 dilleruut,
915 2612 1004 2660 tamen
1028 2613 1070 2660 tot
1091 2613 1200 2663 tantos·

243 2707 297 2764 que
313 2706 423 2745 errores
439 2706 598 2746 communes
613 2690 728 2752 habent,
752 2697 781 2745 ut
796 2688 833 2743 ad
857 2704 957 2744 unum
981 2689 1201 2763 eundemque

244 2790 362 2831 omnes
384 2774 500 2829 redire
522 2774 746 2849 archetypum
769 2773 943 2829 manifestum
965 2773 1014 2829 sit:
1037 2774 1074 2830 ita
1096 2783 1124 2830 et
1145 2776 1201 2831 dil·

243 2858 369 2916 lerentiis
385 2865 413 2914 et
429 2860 455 2913 in
469 2857 569 2932 quibus
584 2860 760 2916 consentiunt
776 2856 945 2932 corruptelis
961 2875 1059 2931 magna
1075 2867 1201 2933 exparte

245 2954 301 3001 tum
322 2942 471 3018 singularis
493 2951 536 2999 est
552 2944 676 3000 condicio
698 2950 858 3006 etmatura,
881 2950 912 2999 ut
933 2960 1023 3018 neque
1046 2943 1107 2999 illae
1130 2960 1202 3018 quo·

246 3029 327 3084 modo
343 3028 416 3084 nasci
433 3028 575 3101 potuerint
587 3029 706 3103 perspici
723 3043 812 3102 neque
827 3029 877 3084 liae
893 3028 1031 3084 emendari
1048 3028 1115 3084 satis
1131 3045 1200 3103 pro·

244 3112 374 3170 hebiliter
399 3121 500 3186 queant
524 3114 578 3168 nisi
606 3129 641 3169 er
669 3114 747 3186 ipso
775 3123 901 3188 poetae
928 3113 1117 3187 exemplari
1141 3131 1201 3171 non

246 3197 388 3254 emendato
411 3195 459 3252 illo
481 3205 508 3252 et
530 3196 682 3271 perpolito,
709 3199 758 3254 sed
779 3200 846 3255 satis
869 3198 1044 3273 inconposito
1066 3198 1201 3255 festinau-
1259 3222 1261 3337 p

318 3411 346 3478 *)
368 3412 497 3477 exemplu
519 3413 635 3478 quceuis
657 3414 762 3479 pagine
780 3414 953 3480 suppeditct;
977 3412 1099 3464 sufficiet
1117 3417 1202 3478 quasi
1260 3388 1261 3425 l

249 3478 337 3546 digito
350 3484 519 3531 monstrasse
533 3480 609 3531 locos
623 3480 721 3546 quales
733 3486 796 3532 sunt
813 3484 842 3531 in
854 3481 975 3533 Hercule
989 3497 1016 3534 u,
1030 3484 1063 3533 36
1075 3497 1132 3547 sqq.
1147 3484 1201 3535 627

248 3550 299 3599 675
313 3549 388 3601 1311.
414 3548 526 3600 uberius
538 3549 592 3600 hac
605 3548 638 3600 de
652 3565 681 3601 re
694 3550 768 3601 inira
782 3550 990 3617 disputabimus.
