2544 4040
500 250 666 350 ansanus
985 290 1044 353 147

212 445 304 506 uincit
318 461 423 505 saeuas
438 460 509 503 eura
525 460 679 502 nouercas.
1062 455 1112 505 365

256 528 348 589 Altrix
364 527 484 605 prolare
500 522 569 606 quid
584 527 681 588 leras‘l
704 544 833 605 quonam
849 528 879 587 in
895 526 962 588 loco
978 535 1023 588 est
1103 559 1105 565 ν

210 614 334 690 regina?
357 615 454 673 saeuis
470 613 570 689 eequis
586 620 631 671 est
644 612 773 673 llammis
789 612 911 672 modus?

325 828 467 876 nvrltlx.
492 827 670 875 PHAEDRA.
695 826 841 874 CHORVS.

91 977 108 1008 a
171 952 246 1029 Spes
262 949 341 1010 nulla
358 958 471 1010 tantum
486 967 575 1027 posse
591 948 678 1009 leniri
694 948 803 1010 malum

124 1037 252 1113 finisque
267 1034 394 1094 flammis
410 1033 508 1094 nullus
523 1035 636 1094 insanis
652 1036 717 1094 erit.

123 1128 258 1181 torretur
273 1127 356 1180 aestu
372 1121 461 1179 tacito
478 1125 506 1178 et
520 1118 652 1178 inclusus
668 1136 786 1196 quoque

124 1205 262 1282 quamuis
279 1210 393 1281 tegatur
408 1203 545 1282 proditur
560 1201 643 1263 uultu
661 1203 759 1262 lurnr:
799 1268 801 1273 ,

125 1290 256 1367 erumpit
271 1287 366 1348 oeulis
381 1290 460 1364 ignis
476 1295 505 1348 et
520 1287 614 1347 lassae
630 1303 728 1363 genae

123 1373 223 1434 lucem
239 1380 389 1433 recusant.
422 1371 494 1432 nihil
510 1371 588 1432 idom
605 1371 713 1431 dubiae
728 1370 825 1451 placet

123 1464 264 1536 artusque
280 1459 362 1518 uarie
377 1458 465 1517 iactat
479 1458 612 1516 incertus
627 1455 721 1516 dolor.

92 1550 111 1600 b
167 1542 253 1602 Nune
268 1549 303 1602 ut
316 1540 412 1601 soluto
427 1541 536 1601 labitur
553 1541 683 1601 moriens
697 1540 789 1618 gradu

123 1636 154 1689 et
168 1629 219 1687 uix
235 1626 353 1687 labante
369 1627 495 1687 sustinet
511 1625 586 1685 collo
602 1632 707 1704 oaput,

122 1728 204 1771 nune
219 1729 251 1771 se
268 1711 359 1788 quieti
374 1710 472 1771 reddit
488 1718 516 1771 et
531 1712 627 1770 somni
642 1712 787 1770 inmemor

121 1803 243 1856 noctem
259 1795 388 1871 querelis
404 1794 494 1855 ducit.
526 1793 617 1855 attolli
633 1795 716 1854 iubet

120 1883 290 1956 iterumque
306 1880 378 1956 poni
393 1897 503 1958 eorpus
526 1886 555 1940 et
570 1879 645 1939 solui
662 1897 776 1946 comas,

121 1981 287 2041 rursusque
303 1964 382 2042 fingi.
412 1981 531 2041 semper
546 1965 693 2041 inpatiens
708 1965 754 2024 sui

120 2055 255 2109 mutatur
269 2047 396 2108 babitus.
427 2048 508 2108 nulla
524 2050 582 2108 iam
598 2049 715 2110 Cereris
730 2047 810 2109 subit

122 2151 194 2193 cura
210 2140 261 2192 aut
276 2131 388 2193 salutis.
421 2133 502 2194 uadit
516 2135 630 2195 incerto
646 2134 723 2210 pede

120 2220 181 2277 iam
197 2216 310 2277 uiribus
325 2216 450 2277 delecta.
483 2235 543 2277 non
558 2217 636 2277 idem
652 2219 739 2296 uigor

119 2320 183 2362 non
200 2317 251 2360 ora
266 2303 383 2378 tingens
398 2304 484 2362 niuea
500 2319 670 2380 purpureus
684 2300 794 2362 rubor:

78 2385 106 2443 b'
166 2384 326 2464 Populatur
341 2394 423 2447 artus
438 2404 523 2455 nura,
546 2387 605 2446 iam
621 2401 741 2463 gressus
756 2392 886 2446 tremunt

119 2479 266 2546 tenerque
282 2470 364 2530 nitidi
380 2472 514 2548 eorporis
530 2470 637 2531 cecidit
652 2469 742 2531 decor

119 2556 218 2630 etqui
234 2554 369 2614 lerebant
383 2555 467 2632 signa
483 2554 636 2633 phoebeae
653 2550 725 2615 lanis

120 2637 200 2699 oculi
216 2637 287 2697 nihil
303 2638 413 2716 gentile
430 2656 486 2700 neo
501 2641 630 2718 patrium
646 2641 765 2700 micant.

118 2722 262 2783 lacrimae
278 2721 387 2782 eadunt
401 2741 456 2802 per
472 2741 522 2785 ora
540 2734 569 2785 et
584 2724 702 2784 assiduo
718 2742 812 2801 genae

117 2825 189 2866 rore
204 2806 371 2882 inrigantur
387 2807 512 2885 qualiter
528 2809 619 2870 Tauri
634 2809 709 2885 iugis

116 2891 220 2970 tepido
237 2891 411 2952 madescunt
425 2892 522 2953 imbre
537 2911 696 2972 percussae
713 2895 805 2955 niues.

117 2976 171 3037 sed
189 2993 226 3035 en
242 2982 399 3051 patescunt
413 2979 514 3054 regiae
530 2977 655 3054 fastigia.

186 3178 236 3229 367
259 3178 357 3243 regina
375 3179 469 3229 saeuis
487 3183 516 3229 et
533 3180 595 3243 quis
615 3179 629 3231 ὅ
647 3180 763 3230 flammis
782 3179 877 3231 modus
895 3181 921 3230 Ε
942 3197 1036 3232 uersus

114 3246 238 3297 hocloco
256 3252 361 3295 omissus
378 3249 471 3311 legitur
487 3250 514 3297 in
533 3248 557 3297 A
572 3255 635 3312 poet
651 3266 676 3298 a.
696 3249 747 3297 ⁴12
764 3246 883 3313 (sepone
902 3248 945 3310 ·-)
968 3250 1036 3299 Vide

115 3316 153 3363 ad
164 3330 190 3364 u.
205 3315 260 3364 348
270 3310 283 3380 [l
293 3321 353 3378 poet
364 3330 388 3365 u.
402 3317 532 3366 arraona
544 3330 639 3366 scaena
650 3318 676 3365 in
687 3314 738 3366 EG
754 3315 902 3368 NV'PRIX.
921 3315 1034 3367 PHAE-

112 3380 200 3432 DRA.
219 3379 372 3432 cHORVS.
391 3382 417 3431 E
430 3382 548 3447 phedro.
567 3384 667 3434 nutrix.
687 3384 808 3449 ypolitus
822 3380 929 3451 611368
946 3381 1035 3431 lenire

113 3448 140 3498 E
163 3445 177 3515 ΙΙ
199 3451 252 3500 372
272 3447 372 3513 lapsae
392 3466 410 3500 α
428 3450 520 3501 lassae
538 3451 588 3515 Ep
611 3447 623 3517 ll
645 3453 695 3502 37⁵1
717 3467 771 3502 nec
789 3467 818 3502 se
837 3467 856 3501 α
878 3447 891 3517 ΙΙ
914 3451 964 3501 383
988 3449 1036 3499 de·

111 3517 193 3568 foeta
212 3532 231 3566 α
242 3513 255 3583 ΙΙ
271 3517 322 3567 384
339 3518 429 3567 nitida
447 3535 468 3569 ω
486 3518 584 3570 niuea
601 3519 745 3570 Markland
759 3516 771 3585 ΙΙ
788 3519 837 3570 387
855 3518 991 3569 tenebant
1008 3517 1035 3567 A

110 3585 247 3636 ferebant
264 3584 289 3633 E
300 3580 314 3652 Η
325 3587 374 3636 391
394 3587 525 3651 perfusae
544 3588 568 3636 A
587 3601 737 3651 percussae
755 3587 781 3636 Ε
812 3587 817 3649 l

755 3667 815 3731 ro·
