2576 4044
529 176 727 277 slGAMEMNO

168 387 230 432 non
245 372 332 430 niuea
347 367 448 446 proles
464 366 578 447 Cycnus
593 371 734 447 aequorei
749 369 811 439 dei,

169 472 229 516 non
244 452 387 515 bellicoso
403 452 530 513 Thressa
547 471 614 514 cum
631 453 730 514 Rheso
746 453 890 531 phalanx,

169 556 230 600 non
246 539 322 616 picta
339 538 494 617 pharetras
510 546 539 598 et
554 539 724 616 securigera
741 556 829 599 manu

169 622 282 701 peltata·
293 626 438 685 Amazon:
461 621 541 683 hunc
557 621 637 682 domi
651 622 794 684 reducem
811 624 918 701 paras‘

168 714 299 768 mactare
315 715 344 768 et
359 724 425 767 aras
441 706 532 767 caede
547 705 697 768 maculare
713 707 810 785 inpia?

211 791 320 853 Victrix
336 790 460 852 inultum
477 790 599 851 Graecia
615 790 672 851 hoc
688 790 802 852 lacinus
817 793 911 853 l'erell

166 893 260 955 equos
276 885 305 937 et
321 893 403 937 arma
419 873 619 954 classibusque
635 875 761 937 horrens
777 877 888 937 fretum

167 978 302 1040 propone
319 970 348 1022 et
363 959 421 1020 alto
437 961 580 1037 sanguine
598 959 750 1020 exundans
764 957 858 1021 solum

167 1054 197 1105 et
213 1053 394 1126 totacaptac
409 1045 467 1105 sata
484 1043 643 1105 dardaniae
659 1044 765 1106 domus

168 1137 283 1208 regesta
299 1130 415 1191 Danais.
445 1130 600 1206 conprime
616 1127 750 1189 adlectus
765 1138 865 1191 truces

167 1213 486 1292 mentemquetibimet
500 1215 563 1291 ipsa
580 1213 701 1291 pacifica
716 1220 807 1274 tuam.

295 1475 502 1526 AEGISTHVS,
525 1472 788 1525 CLYTEMESTRA·
812 1478 954 1527 NVTRIX.

209 1633 294 1705 Quod
310 1642 426 1710 tempus
442 1634 540 1693 animo
556 1650 675 1711 semper
690 1652 725 1696 ac
740 1642 838 1695 mente
854 1633 970 1706 horrui,

163 1719 248 1779 adest
263 1717 398 1797 prolecto
414 1717 504 1778 rebus
520 1726 684 1778 extremum
701 1719 784 1779 meis.

164 1802 235 1883 quid
251 1810 334 1880 terga
350 1803 441 1863 uectis
457 1802 573 1864 anime?
596 1802 665 1881 quid
682 1804 778 1881 primo
793 1804 905 1882 impetu

164 1888 290 1966 deponis
305 1888 406 1948 armai
430 1887 519 1948 crede
535 1888 697 1965 perniciem
715 1887 767 1947 ubi

55 2044 58 2050 ¹
164 1981 195 2034 et
210 1971 273 2032 dira
290 1988 395 2031 saeuos
411 1970 469 2032 lata
486 1971 585 2032 moliri
601 1969 684 2032 deos.

163 2073 282 2135 oppone
298 2056 410 2116 cunctis
426 2054 485 2116 suile
500 2054 651 2133 suppliciis
665 2063 753 2133 capnt

165 2141 337 2219 ferrumque
353 2148 383 2201 et
395 2142 480 2217 ignes
495 2148 617 2217 pectore
633 2140 760 2201 aduerso
777 2141 889 2219 excipe.

163 2224 302 2302 Aegistho
318 2241 377 2283 non
394 2230 438 2285 est
452 2241 548 2303 poena
564 2225 606 2284 sic
621 2231 689 2283 nato
705 2226 790 2284 mori.

208 2309 252 2369 Tu
268 2326 323 2368 nos
338 2307 441 2387 pericli
455 2310 536 2369 socia
551 2315 583 2369 tu
599 2308 677 2370 Leda
694 2315 755 2368 sata

162 2393 306 2454 comitare
320 2399 449 2455 tantum:
473 2394 645 2470 sanguinem
661 2391 767 2453 reddet
781 2392 835 2452 tibi

162 2478 288 2556 ignauus
303 2477 358 2537 isle
374 2477 479 2537 ductor
495 2495 529 2536 ac
545 2477 629 2537 sortis
644 2486 738 2553 pater.

162 2561 215 2623 sed
231 2561 300 2640 quid
316 2568 479 2623 trementes
494 2561 600 2625 circuit
615 2558 710 2640 pallor
725 2576 831 2637 genas,

105 2668 110 2683 s
160 2646 321 2725 iacensque
337 2644 435 2705 uultus
450 2644 589 2724 languido
605 2651 709 2723 optutu
724 2645 841 2723 stupet?

105 2736 107 2741 ’
205 2741 304 2790 cuir.
327 2728 418 2790 Amor
429 2729 538 2808 iugalis
553 2730 644 2791 uiocit
660 2747 693 2790 ac
708 2728 799 2791 flectit
813 2737 903 2792 retro.

162 2813 335 2875 referamur
349 2812 434 2884 illuc,
452 2814 530 2875 unde
545 2832 605 2874 non
621 2815 719 2875 decuit
735 2816 819 2893 prius

160 2898 253 2959 abire.
285 2897 333 2958 uel
349 2915 428 2958 nunc
443 2906 521 2959 casta
538 2906 689 2977 repetatur
705 2898 786 2958 tides.

228 3104 277 3152 221
296 3102 404 3152 Victrix
421 3099 447 3150 E
465 3100 554 3150 Vltrix
573 3100 598 3150 A
621 3097 635 3167 ΙΙ
658 3102 709 3151 223
725 3101 780 3151 Pro
800 3116 852 3152 one
871 3103 1015 3155 eRch't.
1029 3121 1077 3170 mp.

159 3168 304 3234 Praepoue
324 3170 348 3219 Α
372 3165 384 3234 Η
407 3169 457 3218 226
475 3165 549 3233 ipsa)
572 3184 589 3233 p
608 3171 634 3219 io
651 3182 704 3218 ras.
723 3169 760 3219 13²
781 3117 798 3235 ll
816 3169 955 3221 NVTRIX
974 3174 1035 3224 add.
1054 3172 1080 3221 Ε

158 3250 206 3287 om.
225 3238 249 3285 Α
273 3234 278 3302 Ι
308 3239 358 3288 230
376 3236 498 3302 permitti
516 3235 568 3285 tibi
584 3235 610 3285 E
633 3233 645 3303 ΙΙ
668 3237 719 3286 234
737 3235 817 3290 OLY.
835 3237 860 3287 A
879 3255 926 3289 our.
945 3239 971 3289 Ε
994 3237 1005 3306 ΙΙ
1029 3241 1080 3292 285

159 3301 245 3355 ΑΕΘ.
306 3320 354 3359 om.
373 3300 421 3370 ΕΗ
434 3306 483 3354 239
501 3303 594 3354 uultus
613 3305 743 3368 ehiprins
760 3303 840 3354 uultu
858 3302 907 3371 ΑΙΙ
925 3310 1036 3372 optutus
1053 3307 1079 3356 Ε

161 3369 272 3427 obtutus
290 3372 316 3423 A
335 3372 435 3423 obtutu
453 3368 595 3505 biffaiw.fl
609 3373 658 3422 241
677 3371 839 3423 Referemus
857 3374 883 3423 Ε
900 3374 1079 3424 Referemus

159 3437 177 3487 1
180 3437 258 3499 Gron.
275 3438 439 3490 Remeemus
452 3438 477 3488 Α

159 3510 170 3553 t
194 3505 215 3555 G
297 3502 310 3572 Η
513 3440 562 3489 242
581 3440 632 3490 sed
648 3453 722 3490 nuno
734 3439 785 3490 ΕΑ
805 3438 850 3489 uel
862 3452 934 3489 nuno
947 3443 973 3490 in
985 3443 1078 3506 optimo

173 3541 179 3553 .
217 3521 273 3558 ron.
